3192 4974
758 496 971 564 ..32-

340 671 525 748 hcoproptcr
551 671 584 730 in
606 671 694 729 initio
717 691 821 732 versus
850 670 995 730 collocato
1023 669 1078 728 cit:
1106 655 1241 730 metrum¹
1254 670 1387 730 modula-

341 773 419 834 tioni
444 767 577 852 ὄρσωμεν
598 767 741 851 κρατερδν
763 771 851 848 μένος
863 767 1009 850 Ἕκτορος
1032 765 1218 847 ἱπποδάμοιο
1252 793 1313 832 non
1336 776 1388 833 ob·

341 882 443 938 stcrct.
466 881 622 954 proctercc
643 869 787 954 κρατερόν
816 894 936 956 quoquc
965 881 996 935 ct
1018 867 1099 948 ἱερόν
1121 870 1209 950 μένος
1232 878 1387 954 scmpcr1)

315 984 411 1038 *unic
434 980 470 1038 V.
493 981 599 1057 podem
621 979 694 1056 poni
717 979 952 1039 obliviscendum
974 998 1035 1036 non
1058 983 1111 1038 cst.

424 1081 616 1162 Aliquotiens
638 1082 730 1142 ctiam
751 1081 795 1154 fit,
817 1087 852 1140 ut
874 1080 978 1140 ordine
994 1080 1173 1140 substantivi
1197 1087 1228 1140 ot
1249 1081 1385 1142 attributi

339 1189 452 1243 mutato
475 1184 631 1244 collocutio
654 1203 773 1265 quoquo
790 1183 943 1262 utriusque
966 1183 1096 1242 nominis
1118 1189 1259 1244 mutetur.
1296 1186 1388 1246 vcrbc

342 1283 457 1362 Φοῖβος
474 1279 635 1359 Ἀπόλλων,
659 1279 733 1354 Διός
755 1279 908 1364 αἰγιόχοιο,
934 1281 1018 1354 Θέτις
1040 1279 1238 1364 ἀργυρόπεζα,
1263 1278 1387 1364 (όρήιοι)

340 1378 404 1458 υἷες
424 1381 549 1464 Ἀχαιῶν
564 1395 666 1450 notum
690 1393 735 1450 ert
757 1407 911 1468 nunquam
932 1390 996 1448 fcrc
1018 1408 1079 1448 non
1100 1388 1134 1448 in
1150 1395 1283 1449 extremo
1298 1409 1388 1450 versu

205 1497 301 1566 Φοῷος
339 1491 428 1568 poui;
450 1497 632 1552 tamencum
648 1497 756 1572 quctcr
773 1485 928 1550 Ἀπόλλων
946 1489 1060 1568 Φοῖβος
1081 1497 1150 1568 post
1165 1493 1189 1558 1.
1205 1493 1387 1564 trochaeum,

194 1600 306 1668 αἰγίοχος
341 1594 502 1673 quinquies
525 1594 623 1654 dccicc
645 1587 789 1673 αἰγιόχοιο
812 1587 887 1662 Διός
908 1600 977 1671 port
998 1595 1022 1652 I.
1045 1595 1166 1670 pedem,
1192 1599 1240 1654 ter
1262 1589 1387 1673 ιἰργυρό-

177 1697 413 1768 οἱργορόπεζαπεζν
438 1693 522 1767 Θέτις
544 1699 576 1757 in
598 1697 686 1758 initio
710 1717 823 1770 versus,
847 1696 946 1768 semel,
970 1718 993 1757 οι
1018 1702 1068 1768 38,
1087 1690 1217 1772 Ἀχαιῶν
1238 1687 1301 1766 υίες
1323 1691 1387 1773 ἄρι-

195 1799 307 1872 Ἀχαιῶν
340 1797 420 1878 ocor!
449 1800 591 1875 legimur,
624 1821 658 1860 co
690 1801 788 1859 miuus
816 1799 1025 1860 hucsitcndum
1055 1804 1118 1872 est,
1153 1799 1231 1878 quod
1262 1805 1293 1860 ct
1313 1802 1388 1860 hooc

228 1871 281 1935 νέες

339 1905 451 1976 νοτίου,
471 1904 616 1983 quonium
637 1904 668 1962 iu
692 1905 795 1962 cadem
817 1903 886 1962 scdc
909 1922 1025 1980 sempor
1046 1907 1220 1973 recurrunt,
1242 1903 1387 1962 formulae

338 2006 436 2066 instar
466 2007 604 2066 hobcndu
641 2012 719 2067 sunt.
765 2006 912 2082 imprimis
939 2006 975 2064 cd
1005 2005 1143 2066 ultimum
1169 2006 1267 2065 locum
1299 2028 1323 2064 οι
1347 2011 1385 2065 38

339 2109 483 2172 tuendum
514 2110 603 2168 ctiam
634 2109 694 2168 clia
716 2109 817 2168 afferri
847 2113 982 2185 poscunt.
1030 2127 1100 2168 nom
1121 2108 1195 2185 ipsis
1217 2109 1318 2168 verbis
1341 2109 1386 2166 in·

339 2211 449 2287 spcotis
465 2209 625 2289 (κτείνοντο
647 2203 757 2289 Τροίαν
772 2208 823 2270 καί
844 2203 969 2287 Ἀχαιῶν
991 2202 1054 2280 υἷες
1068 2202 1198 2288 όίριστοι)
1221 2229 1308 2272 nemo
1325 2234 1383 2271 non

338 2314 430 2388 videt,
454 2317 548 2374 vcrbc
567 2307 679 2391 Τροίαν
695 2311 747 2374 καί
768 2307 893 2389 Ἀχαιῶν
907 2314 990 2374 nullo
1006 2316 1092 2374 modo
1108 2335 1195 2392 posse
1211 2315 1386 2393 disrolvi²)„

340 2422 371 2476 ct
392 2407 462 2486 υἷας
484 2411 624 2495 ἀρίστους
647 2437 774 2498 quoquc,
796 2417 848 2476 ubi
870 2423 1026 2495 practerea
1047 2417 1174 2492 legitur,
1206 2415 1238 2474 u
1261 2424 1321 2478 255
1343 2444 1387 2468 =

339 2526 418 2598 493„
433 2521 466 2580 in
489 2521 549 2580 fiuc
570 2521 690 2595 legitur.
713 2555 755 2564 -
776 2521 814 2580 cd
836 2523 929 2582 vcrbc
950 2511 1041 2597 ’Ἀρηι
1062 2521 1131 2600 θοῶ
1148 2522 1175 2576 Ε
1198 2526 1259 2580 430
1285 2521 1387 2591 (ταῦτα

339 2613 365 2679 δ’
378 2615 469 2698 ”quu
490 2624 559 2703 θοῶ
580 2620 632 2682 καὶ
652 2616 768 2706 Ἀθήνῃ
791 2617 888 2681 πάντα
910 2616 1037 2697 μελήσει)
1069 2622 1158 2682 aliter
1179 2624 1277 2700 ponito
1298 2629 1388 2703 atquo

338 2725 369 2784 in
392 2727 461 2807 θοῷ
483 2718 645 2796 ἀτάλαντος
658 2719 761 2808 ’Ἀρηιί
784 2727 869 2787 iuvat
882 2728 1009 2786 fortusse
1033 2727 1070 2784 H
1082 2731 1119 2786 10
1145 2721 1264 2804 (γείνατ’
1290 2718 1387 2804 Ἀρηί-

338 2831 415 2898 θοος
437 2825 488 2888 καί
513 2825 727 2906 Φυλομέδουσα
749 2827 876 2905 βοῶπις)
901 2834 932 2888 ct
954 2832 1014 2887 138
1040 2825 1118 2899 (δίου
1138 2819 1314 2906 Ἀρηιθόου,
1336 2821 1387 2886 τόν

339 2926 491 3008 ἐπίκλησιν
513 2929 695 3013 κορυνήτηνί
719 2935 790 3007 ...)
812 2950 993 3009 comparare.
1027 2963 1070 2974 -
1092 2931 1221 3010 deniquo
1243 2931 1275 3018 in
1298 2951 1386 2991 vorsu

338 3033 390 3092 illo
412 3035 539 3096 multum
560 3042 688 3096 trcotcto
710 3037 777 3104 πῶς
799 3027 837 3092 ῶν
859 3025 951 3093 ἔπειτ’
970 3029 1119 3110 Ὀδυσῆος
1141 3027 1198 3112 έγῶ
1214 3033 1314 3094 θείοιο
1337 3037 1386 3092 λα-

338 3135 454 3212 θοίμην
485 3139 529 3216 (Κ
551 3145 611 3198 243
633 3165 677 3190 =
699 3161 718 3198 α
742 3138 794 3216 65)
825 3129 1014 3213 Ὀδυσ(σ)ῆος
1044 3142 1074 3196 et
1095 3135 1193 3196 θείοιο
1216 3157 1275 3196 non
1299 3139 1385 3197 modo

338 3239 438 3299 atino
460 3261 564 3302 versus
586 3245 787 3314 removentur,
810 3240 862 3299 scd
885 3239 975 3300 cticm
998 3239 1188 3300 dirimuntur.

423 3345 492 3404 διατι
519 3343 567 3403 bis
598 3345 758 3404 formulam
790 3337 864 3412 Διός
896 3337 1052 3422 αίγιόχοιοῙ
1086 3341 1192 3418 attigi:
1230 3362 1287 3402 nco
1319 3363 1385 3404 cum

339 3437 413 3515 Διός
516 3441 667 3527 αίγιόχοιοί
691 3467 748 3508 nco
770 3468 837 3508 oum
860 3440 1003 3525 αἰγιόχοιο
1027 3439 1101 3515 Διός
1121 3445 1154 3505 in
1175 3446 1274 3508 modio
1294 3468 1387 3508 vorsu

338 3549 463 3612 obvium
484 3551 537 3625 fit,
570 3551 782 3612 offendendum
805 3555 858 3610 cst.
896 3549 1062 3610 sedetiam
1085 3549 1175 3610 utitor
1196 3550 1311 3612 variari
1332 3571 1385 3627 po-

199 3651 309 3721 αἰγίοχος
336 3655 407 3713 tort.
444 3653 573 3729 legimus
596 3676 606 3711 ι
630 3655 707 3714 275:
739 3649 777 3712 οὐ
801 3645 857 3732 γὰρ
882 3648 1046 3721 Κύκλωπες
1069 3645 1143 3720 Διός
1164 3646 1299 3730 αἰγιόχου
1321 3647 1384 3710 ἆλτ’-

337 3771 457 3832 γουσιν,
478 3755 524 3815 itc
544 3761 580 3815 ut
601 3757 661 3816 alia
682 3756 766 3819 vocis
788 3753 919 3835 αἰγίοχος
939 3757 1036 3815 formu
1058 3754 1147 3816 alitor
1169 3755 1315 3816 collooctc
1337 3754 1385 3828 cit,

406 3961 431 4025 1)
449 3963 520 4012 ιοδου
537 3962 681 4010 iteratorum
698 3960 823 4010 rarissime
841 3959 970 4019 indicabo,
998 3959 1064 4018 quod
1083 3957 1174 4020 optimc
1200 3973 1267 4006 nunc
1283 3958 1383 4006 collecti

339 4048 440 4096 suntin
458 4048 558 4109 egregio
577 4047 605 4096 G.
624 4047 653 4094 Ε.
671 4047 799 4095 Schmidtii
817 4045 894 4105 libro,
919 4045 961 4106 qui
986 4045 1142 4094 inscribitur:
1171 4045 1385 4092 Pantul-Homer

337 4136 397 4182 oder
423 4135 501 4182 Indcx
526 4135 588 4182 ullor
610 4133 780 4181 homcrischen
805 4132 904 4192 lucrati,
931 4130 1042 4192 Gotting.
1064 4134 1138 4180 1885.
1164 4146 1194 4178 cx
1212 4145 1261 4189 quo
1286 4144 1383 4190 semper

335 4221 416 4268 hausi.

404 4304 431 4370 2)
449 4304 564 4355 omnibus
589 4305 650 4352 locis
672 4304 840 4353 oSchmidtio
866 4304 946 4352 allatis
973 4304 1034 4352 haec
1052 4303 1130 4352 verba
1147 4303 1173 4350 in
1192 4303 1278 4352 cadom
1296 4315 1384 4350 versus

335 4390 393 4442 σοδο
411 4393 514 4440 redeunt
531 4396 635 4451 excepto
653 4389 681 4440 M
699 4392 758 4438 431.
