<?xml version="1.0" encoding="UTF-8"?>
<!DOCTYPE html PUBLIC "-//W3C//DTD XHTML 1.0 Transitional//EN"
    "http://www.w3.org/TR/xhtml1/DTD/xhtml1-transitional.dtd">
<html xmlns="http://www.w3.org/1999/xhtml" xml:lang="en" lang="en">
 <head>
  <title>
</title>
<meta http-equiv="Content-Type" content="text/html;charset=utf-8" />
  <meta name='ocr-system' content='tesseract 3.04.00' />
  <meta name='ocr-capabilities' content='ocr_page ocr_carea ocr_par ocr_line ocrx_word'/>
</head>
<body>
  <div class='ocr_page' id='page_1' title='image "./denominumpropri00frangoog_0036.png"; bbox 0 0 3192 4974; ppageno 0'>
   <div class='ocr_carea' id='block_1_1' title="bbox 650 486 864 552">
    <p class='ocr_par' dir='ltr' id='par_1_1' title="bbox 650 486 864 552">
     <span class='ocr_line' id='line_1_1' title="bbox 650 486 864 552; baseline -0.009 -16"><span class='ocrx_word' id='word_1_1' title='bbox 650 486 864 552; x_wconf 76' lang='lat'>..29-</span> 
     </span>
    </p>
   </div>
   <div class='ocr_carea' id='block_1_2' title="bbox 230 657 1426 2680">
    <p class='ocr_par' dir='ltr' id='par_1_2' title="bbox 230 657 1426 1249">
     <span class='ocr_line' id='line_1_2' title="bbox 234 657 1280 736; baseline -0.003 -17"><span class='ocrx_word' id='word_1_2' title='bbox 234 661 372 719; x_wconf 86' lang='lat' dir='ltr'><strong>obstabat</strong></span> <span class='ocrx_word' id='word_1_3' title='bbox 394 679 449 720; x_wconf 89' lang='lat' dir='ltr'><strong>uec</strong></span> <span class='ocrx_word' id='word_1_4' title='bbox 471 660 566 736; x_wconf 81' lang='lat' dir='ltr'><strong>magis</strong></span> <span class='ocrx_word' id='word_1_5' title='bbox 595 667 722 720; x_wconf 89' lang='lat' dir='ltr'><strong>metrum</strong></span> <span class='ocrx_word' id='word_1_6' title='bbox 752 665 805 720; x_wconf 89' lang='lat' dir='ltr'><strong>aut</strong></span> <span class='ocrx_word' id='word_1_7' title='bbox 836 657 995 719; x_wconf 87' lang='lat' dir='ltr'><strong>sententia.</strong></span> <span class='ocrx_word' id='word_1_8' title='bbox 1030 658 1108 717; x_wconf 90' lang='lat' dir='ltr'><strong>idem</strong></span> <span class='ocrx_word' id='word_1_9' title='bbox 1139 657 1219 719; x_wconf 89' lang='lat' dir='ltr'><strong>cadit</strong></span> <span class='ocrx_word' id='word_1_10' title='bbox 1247 658 1280 716; x_wconf 93' lang='lat' dir='ltr'><strong>iu</strong></span> 
     </span>
     <span class='ocr_line' id='line_1_3' title="bbox 230 756 1426 840; baseline 0.001 -21"><span class='ocrx_word' id='word_1_11' title='bbox 230 756 397 838; x_wconf 80' lang='grc' dir='ltr'><strong><em>Ἀντίλοχος</em></strong></span> <span class='ocrx_word' id='word_1_12' title='bbox 414 757 607 839; x_wconf 63' lang='grc' dir='ltr'><strong><em>μενεχάρμηςὲ</em></strong></span> <span class='ocrx_word' id='word_1_13' title='bbox 633 763 664 820; x_wconf 90' lang='grc' dir='ltr'><em>Ν</em></span> <span class='ocrx_word' id='word_1_14' title='bbox 680 768 749 834; x_wconf 88' lang='grc'><strong>396,</strong></span> <span class='ocrx_word' id='word_1_15' title='bbox 777 762 889 840; x_wconf 80' lang='grc'>0582,</span> <span class='ocrx_word' id='word_1_16' title='bbox 918 763 1024 820; x_wconf 78' lang='grc' dir='ltr'><strong>Ψ419</strong></span> <span class='ocrx_word' id='word_1_17' title='bbox 1049 762 1178 822; x_wconf 79' lang='lat' dir='ltr'><strong>obvium.</strong></span> <span class='ocrx_word' id='word_1_18' title='bbox 1212 781 1280 819; x_wconf 91' lang='lat' dir='ltr'><strong>nam</strong></span> <span class='ocrx_word' id='word_1_19' title='bbox 1305 766 1426 836; x_wconf 77' lang='grc' dir='ltr'><strong>μενεχάρ-</strong></span> 
     </span>
     <span class='ocr_line' id='line_1_4' title="bbox 235 854 1393 944; baseline -0.003 -20"><span class='ocrx_word' id='word_1_20' title='bbox 235 883 302 924; x_wconf 89' lang='lat' dir='ltr'><strong>cum</strong></span> <span class='ocrx_word' id='word_1_21' title='bbox 326 857 480 938; x_wconf 69' lang='grc' dir='ltr'><strong><em>ἀμύμονος</em></strong></span> <span class='ocrx_word' id='word_1_22' title='bbox 500 856 700 944; x_wconf 58' lang='grc' dir='ltr'><strong>Ἀντιλόχοιοξ,</strong></span> <span class='ocrx_word' id='word_1_23' title='bbox 723 855 876 944; x_wconf 71' lang='grc' dir='ltr'><strong><em>Ἀντιλόχῳ</em></strong></span> <span class='ocrx_word' id='word_1_24' title='bbox 901 904 957 922; x_wconf 89' lang='grc'><strong>...</strong></span> <span class='ocrx_word' id='word_1_25' title='bbox 980 861 1131 940; x_wconf 78' lang='grc' dir='ltr'><strong><em>δαΐφρονι,</em></strong></span> <span class='ocrx_word' id='word_1_26' title='bbox 1150 856 1278 920; x_wconf 74' lang='grc' dir='ltr'><strong><em>Ἀννίλο-</em></strong></span> <span class='ocrx_word' id='word_1_27' title='bbox 1341 854 1393 904; x_wconf 67' lang='grc' dir='ltr'><strong>μης</strong></span> 
     </span>
     <span class='ocr_line' id='line_1_5' title="bbox 235 959 1283 1044; baseline 0 -20"><span class='ocrx_word' id='word_1_28' title='bbox 235 987 285 1042; x_wconf 80' lang='grc' dir='ltr'><strong>χος</strong></span> <span class='ocrx_word' id='word_1_29' title='bbox 308 963 496 1042; x_wconf 71' lang='grc' dir='ltr'><strong><em>πεπνυμένος</em></strong></span> <span class='ocrx_word' id='word_1_30' title='bbox 518 973 684 1037; x_wconf 85' lang='lat' dir='ltr'><strong>occurrant,</strong></span> <span class='ocrx_word' id='word_1_31' title='bbox 707 968 776 1024; x_wconf 87' lang='lat' dir='ltr'><strong>data</strong></span> <span class='ocrx_word' id='word_1_32' title='bbox 799 965 953 1024; x_wconf 75' lang='lat' dir='ltr'><strong>occasione</strong></span> <span class='ocrx_word' id='word_1_33' title='bbox 976 965 1064 1023; x_wconf 87' lang='lat' dir='ltr'><strong>etiam</strong></span> <span class='ocrx_word' id='word_1_34' title='bbox 1085 959 1283 1044; x_wconf 78' lang='grc' dir='ltr'><strong><em>μεγαλήτορος</em></strong></span> 
     </span>
     <span class='ocr_line' id='line_1_6' title="bbox 233 1059 1282 1148; baseline 0.002 -24"><span class='ocrx_word' id='word_1_35' title='bbox 233 1059 424 1148; x_wconf 60' lang='grc' dir='ltr'><strong>Ἀντιλόχοιο]</strong></span> <span class='ocrx_word' id='word_1_36' title='bbox 448 1073 551 1144; x_wconf 85' lang='lat' dir='ltr'><strong>poetes</strong></span> <span class='ocrx_word' id='word_1_37' title='bbox 574 1069 705 1127; x_wconf 88' lang='lat' dir='ltr'><strong>dicturos</strong></span> <span class='ocrx_word' id='word_1_38' title='bbox 726 1069 819 1126; x_wconf 83' lang='lat' dir='ltr'><strong>tuisse</strong></span> <span class='ocrx_word' id='word_1_39' title='bbox 842 1069 1017 1127; x_wconf 84' lang='lat' dir='ltr'><strong>sumendum</strong></span> <span class='ocrx_word' id='word_1_40' title='bbox 1040 1073 1096 1140; x_wconf 85' lang='lat' dir='ltr'><strong>est,</strong></span> <span class='ocrx_word' id='word_1_41' title='bbox 1119 1086 1213 1147; x_wconf 87' lang='lat' dir='ltr'><strong>quare</strong></span> <span class='ocrx_word' id='word_1_42' title='bbox 1229 1087 1282 1126; x_wconf 87' lang='lat' dir='ltr'><strong>cur</strong></span> 
     </span>
     <span class='ocr_line' id='line_1_7' title="bbox 232 1162 1020 1249; baseline 0.003 -23"><span class='ocrx_word' id='word_1_43' title='bbox 232 1162 400 1246; x_wconf 77' lang='grc' dir='ltr'><strong><em>Ἀντίλοχος</em></strong></span> <span class='ocrx_word' id='word_1_44' title='bbox 424 1163 577 1249; x_wconf 54' lang='grc' dir='ltr'><strong><em>θεοειδής(</em></strong></span> <span class='ocrx_word' id='word_1_45' title='bbox 602 1169 766 1228; x_wconf 77' lang='lat' dir='ltr'><strong>vitaverint</strong></span> <span class='ocrx_word' id='word_1_46' title='bbox 788 1190 848 1228; x_wconf 91' lang='lat' dir='ltr'><strong>nou</strong></span> <span class='ocrx_word' id='word_1_47' title='bbox 870 1189 1020 1248; x_wconf 86' lang='lat' dir='ltr'><strong>assequor.</strong></span> 
     </span>
    </p>

    <p class='ocr_par' dir='ltr' id='par_1_3' title="bbox 232 1271 1284 2680">
     <span class='ocr_line' id='line_1_8' title="bbox 322 1271 1281 1352; baseline 0.001 -22"><span class='ocrx_word' id='word_1_48' title='bbox 322 1273 429 1332; x_wconf 87' lang='lat' dir='ltr'><strong>Paucis</strong></span> <span class='ocrx_word' id='word_1_49' title='bbox 452 1273 632 1349; x_wconf 89' lang='lat' dir='ltr'><strong>complector</strong></span> <span class='ocrx_word' id='word_1_50' title='bbox 654 1291 730 1352; x_wconf 90' lang='lat' dir='ltr'><strong>quae</strong></span> <span class='ocrx_word' id='word_1_51' title='bbox 752 1273 825 1331; x_wconf 83' lang='lat' dir='ltr'><strong>dixi.</strong></span> <span class='ocrx_word' id='word_1_52' title='bbox 863 1272 1036 1349; x_wconf 88' lang='lat' dir='ltr'><strong>saepissime</strong></span> <span class='ocrx_word' id='word_1_53' title='bbox 1052 1277 1156 1348; x_wconf 89' lang='lat' dir='ltr'><strong>poetas</strong></span> <span class='ocrx_word' id='word_1_54' title='bbox 1170 1271 1281 1332; x_wconf 85' lang='lat' dir='ltr'><strong>Home·</strong></span> 
     </span>
     <span class='ocr_line' id='line_1_9' title="bbox 233 1373 1282 1452; baseline 0.001 -21"><span class='ocrx_word' id='word_1_55' title='bbox 233 1373 311 1432; x_wconf 88' lang='lat' dir='ltr'><strong>rioos</strong></span> <span class='ocrx_word' id='word_1_56' title='bbox 333 1375 467 1452; x_wconf 89' lang='lat' dir='ltr'><strong>epitheta</strong></span> <span class='ocrx_word' id='word_1_57' title='bbox 490 1375 584 1434; x_wconf 88' lang='lat' dir='ltr'><strong>solum</strong></span> <span class='ocrx_word' id='word_1_58' title='bbox 608 1376 646 1433; x_wconf 94' lang='lat' dir='ltr'><strong>ob</strong></span> <span class='ocrx_word' id='word_1_59' title='bbox 668 1379 796 1432; x_wconf 87' lang='lat' dir='ltr'><strong>metrum</strong></span> <span class='ocrx_word' id='word_1_60' title='bbox 824 1374 905 1433; x_wconf 89' lang='lat' dir='ltr'><strong>inter</strong></span> <span class='ocrx_word' id='word_1_61' title='bbox 934 1394 966 1432; x_wconf 89' lang='lat' dir='ltr'><strong>se</strong></span> <span class='ocrx_word' id='word_1_62' title='bbox 996 1383 1180 1450; x_wconf 72' lang='lat' dir='ltr'><strong>permutasse</strong></span> <span class='ocrx_word' id='word_1_63' title='bbox 1203 1393 1282 1434; x_wconf 90' lang='lat' dir='ltr'><strong>eom·</strong></span> 
     </span>
     <span class='ocr_line' id='line_1_10' title="bbox 234 1475 1282 1556; baseline 0.002 -22"><span class='ocrx_word' id='word_1_64' title='bbox 234 1477 379 1550; x_wconf 89' lang='lat' dir='ltr'><strong>probatur</strong></span> <span class='ocrx_word' id='word_1_65' title='bbox 400 1497 460 1536; x_wconf 91' lang='lat' dir='ltr'><strong>non</strong></span> <span class='ocrx_word' id='word_1_66' title='bbox 484 1478 580 1536; x_wconf 89' lang='lat' dir='ltr'><strong>solum</strong></span> <span class='ocrx_word' id='word_1_67' title='bbox 602 1497 646 1549; x_wconf 89' lang='lat' dir='ltr'><strong>eo,</strong></span> <span class='ocrx_word' id='word_1_68' title='bbox 670 1479 748 1556; x_wconf 88' lang='lat' dir='ltr'><strong>quod</strong></span> <span class='ocrx_word' id='word_1_69' title='bbox 764 1477 915 1535; x_wconf 88' lang='lat' dir='ltr'><strong>sententia</strong></span> <span class='ocrx_word' id='word_1_70' title='bbox 929 1477 1131 1535; x_wconf 76' lang='lat' dir='ltr'><strong>inconstantia</strong></span> <span class='ocrx_word' id='word_1_71' title='bbox 1152 1475 1206 1534; x_wconf 89' lang='lat' dir='ltr'><strong>illc</strong></span> <span class='ocrx_word' id='word_1_72' title='bbox 1221 1495 1282 1536; x_wconf 90' lang='lat' dir='ltr'><strong>non</strong></span> 
     </span>
     <span class='ocr_line' id='line_1_11' title="bbox 237 1573 1283 1654; baseline 0.003 -19"><span class='ocrx_word' id='word_1_73' title='bbox 237 1578 419 1653; x_wconf 78' lang='lat' dir='ltr'><strong>explicatur,</strong></span> <span class='ocrx_word' id='word_1_74' title='bbox 448 1581 611 1638; x_wconf 84' lang='lat' dir='ltr'><strong>sedetiam</strong></span> <span class='ocrx_word' id='word_1_75' title='bbox 633 1579 700 1637; x_wconf 90' lang='lat' dir='ltr'><strong>aliis</strong></span> <span class='ocrx_word' id='word_1_76' title='bbox 722 1573 889 1638; x_wconf 87' lang='lat' dir='ltr'><strong>rationibus</strong></span> <span class='ocrx_word' id='word_1_77' title='bbox 921 1600 960 1638; x_wconf 87' lang='lat' dir='ltr'><strong>ex</strong></span> <span class='ocrx_word' id='word_1_78' title='bbox 980 1579 1083 1638; x_wconf 89' lang='lat' dir='ltr'><strong>littera</strong></span> <span class='ocrx_word' id='word_1_79' title='bbox 1103 1579 1283 1654; x_wconf 73' lang='lat' dir='ltr'><strong>paragogica</strong></span> 
     </span>
     <span class='ocr_line' id='line_1_12' title="bbox 239 1681 1281 1757; baseline 0.002 -20"><span class='ocrx_word' id='word_1_80' title='bbox 239 1687 292 1738; x_wconf 88' lang='lat' dir='ltr'><strong>aut</strong></span> <span class='ocrx_word' id='word_1_81' title='bbox 313 1681 414 1740; x_wconf 85' lang='lat' dir='ltr'><strong>addita</strong></span> <span class='ocrx_word' id='word_1_82' title='bbox 436 1688 487 1740; x_wconf 90' lang='lat' dir='ltr'><strong>aut</strong></span> <span class='ocrx_word' id='word_1_83' title='bbox 510 1681 619 1740; x_wconf 87' lang='lat' dir='ltr'><strong>omissa</strong></span> <span class='ocrx_word' id='word_1_84' title='bbox 641 1687 671 1740; x_wconf 92' lang='lat' dir='ltr'><strong>et</strong></span> <span class='ocrx_word' id='word_1_85' title='bbox 692 1699 740 1738; x_wconf 86' lang='lat' dir='ltr'><strong>ex·</strong></span> <span class='ocrx_word' id='word_1_86' title='bbox 754 1681 839 1740; x_wconf 88' lang='lat' dir='ltr'><strong>hiatu</strong></span> <span class='ocrx_word' id='word_1_87' title='bbox 862 1681 965 1753; x_wconf 83' lang='lat' dir='ltr'><strong>vitato,</strong></span> <span class='ocrx_word' id='word_1_88' title='bbox 987 1682 1019 1738; x_wconf 90' lang='lat' dir='ltr'><strong>in</strong></span> <span class='ocrx_word' id='word_1_89' title='bbox 1042 1681 1196 1739; x_wconf 80' lang='lat' dir='ltr'><strong>nonnullis</strong></span> <span class='ocrx_word' id='word_1_90' title='bbox 1219 1681 1281 1757; x_wconf 92' lang='lat' dir='ltr'><strong>epi·</strong></span> 
     </span>
     <span class='ocr_line' id='line_1_13' title="bbox 233 1783 1281 1860; baseline 0.004 -21"><span class='ocrx_word' id='word_1_91' title='bbox 233 1783 325 1840; x_wconf 90' lang='lat' dir='ltr'><strong>thetis</strong></span> <span class='ocrx_word' id='word_1_92' title='bbox 348 1784 437 1842; x_wconf 89' lang='lat' dir='ltr'><strong>etiam</strong></span> <span class='ocrx_word' id='word_1_93' title='bbox 461 1805 500 1844; x_wconf 84' lang='lat' dir='ltr'><strong>ex</strong></span> <span class='ocrx_word' id='word_1_94' title='bbox 522 1785 620 1843; x_wconf 88' lang='lat' dir='ltr'><strong>studio</strong></span> <span class='ocrx_word' id='word_1_95' title='bbox 643 1784 823 1860; x_wconf 86' lang='lat' dir='ltr'><strong>diphthongi</strong></span> <span class='ocrx_word' id='word_1_96' title='bbox 847 1804 885 1840; x_wconf 83' lang='lat' dir='ltr'><strong>ov</strong></span> <span class='ocrx_word' id='word_1_97' title='bbox 908 1789 979 1842; x_wconf 85' lang='lat' dir='ltr'><strong>aute</strong></span> <span class='ocrx_word' id='word_1_98' title='bbox 994 1783 1112 1843; x_wconf 86' lang='lat' dir='ltr'><strong>vocales</strong></span> <span class='ocrx_word' id='word_1_99' title='bbox 1134 1804 1194 1842; x_wconf 90' lang='lat' dir='ltr'><strong>non</strong></span> <span class='ocrx_word' id='word_1_100' title='bbox 1218 1803 1281 1843; x_wconf 90' lang='lat' dir='ltr'><strong>cor-</strong></span> 
     </span>
     <span class='ocr_line' id='line_1_14' title="bbox 234 1885 1281 1964; baseline 0.003 -22"><span class='ocrx_word' id='word_1_101' title='bbox 234 1885 389 1962; x_wconf 81' lang='lat' dir='ltr'><strong>ripiendas</strong></span> <span class='ocrx_word' id='word_1_102' title='bbox 411 1887 521 1964; x_wconf 89' lang='lat' dir='ltr'><strong>petitis.</strong></span> <span class='ocrx_word' id='word_1_103' title='bbox 566 1886 709 1945; x_wconf 87' lang='lat' dir='ltr'><strong>differunt</strong></span> <span class='ocrx_word' id='word_1_104' title='bbox 738 1893 838 1945; x_wconf 87' lang='lat' dir='ltr'><strong>autem</strong></span> <span class='ocrx_word' id='word_1_105' title='bbox 867 1887 1012 1944; x_wconf 86' lang='lat' dir='ltr'><strong>attributa</strong></span> <span class='ocrx_word' id='word_1_106' title='bbox 1043 1886 1101 1958; x_wconf 88' lang='lat' dir='ltr'><strong>ita,</strong></span> <span class='ocrx_word' id='word_1_107' title='bbox 1132 1893 1165 1944; x_wconf 88' lang='lat' dir='ltr'><strong>ut</strong></span> <span class='ocrx_word' id='word_1_108' title='bbox 1194 1887 1281 1945; x_wconf 89' lang='lat' dir='ltr'><strong>modo</strong></span> 
     </span>
     <span class='ocr_line' id='line_1_15' title="bbox 238 1988 1281 2065; baseline 0.004 -21"><span class='ocrx_word' id='word_1_109' title='bbox 238 2006 408 2048; x_wconf 88' lang='lat' dir='ltr'><strong>aconsona</strong></span> <span class='ocrx_word' id='word_1_110' title='bbox 429 1989 592 2065; x_wconf 82' lang='lat' dir='ltr'><strong>incipiant,</strong></span> <span class='ocrx_word' id='word_1_111' title='bbox 622 1989 709 2047; x_wconf 93' lang='lat' dir='ltr'><strong>modo</strong></span> <span class='ocrx_word' id='word_1_112' title='bbox 732 2008 750 2046; x_wconf 92' lang='lat' dir='ltr'><strong>a</strong></span> <span class='ocrx_word' id='word_1_113' title='bbox 771 1989 887 2058; x_wconf 84' lang='lat' dir='ltr'><strong>vocali‚·</strong></span> <span class='ocrx_word' id='word_1_114' title='bbox 917 1988 1004 2046; x_wconf 92' lang='lat' dir='ltr'><strong>modo</strong></span> <span class='ocrx_word' id='word_1_115' title='bbox 1027 1990 1064 2046; x_wconf 89' lang='lat' dir='ltr'><strong>ab</strong></span> <span class='ocrx_word' id='word_1_116' title='bbox 1086 2007 1163 2061; x_wconf 89' lang='lat' dir='ltr'><strong>uua,</strong></span> <span class='ocrx_word' id='word_1_117' title='bbox 1194 1989 1281 2048; x_wconf 89' lang='lat' dir='ltr'><strong>modo</strong></span> 
     </span>
     <span class='ocr_line' id='line_1_16' title="bbox 232 2070 1284 2169; baseline 0.002 -22"><span class='ocrx_word' id='word_1_118' title='bbox 232 2107 250 2146; x_wconf 85' lang='lat' dir='ltr'><strong>a</strong></span> <span class='ocrx_word' id='word_1_119' title='bbox 273 2070 387 2148; x_wconf 84' lang='lat' dir='ltr'><strong>duabus</strong></span> <span class='ocrx_word' id='word_1_120' title='bbox 402 2091 542 2152; x_wconf 84' lang='lat' dir='ltr'><strong>brevibus</strong></span> <span class='ocrx_word' id='word_1_121' title='bbox 558 2091 694 2169; x_wconf 80' lang='lat' dir='ltr'><strong>syllabis3</strong></span> <span class='ocrx_word' id='word_1_122' title='bbox 717 2093 804 2149; x_wconf 88' lang='lat' dir='ltr'><strong>modo</strong></span> <span class='ocrx_word' id='word_1_123' title='bbox 824 2090 1003 2166; x_wconf 79' lang='lat' dir='ltr'><strong>positionem</strong></span> <span class='ocrx_word' id='word_1_124' title='bbox 1026 2091 1145 2149; x_wconf 81' lang='lat' dir='ltr'><strong>efficere</strong></span> <span class='ocrx_word' id='word_1_125' title='bbox 1166 2090 1284 2168; x_wconf 87' lang='lat' dir='ltr'><strong>possint</strong></span> 
     </span>
     <span class='ocr_line' id='line_1_17' title="bbox 233 2193 1283 2271; baseline 0.002 -21"><span class='ocrx_word' id='word_1_126' title='bbox 233 2193 321 2251; x_wconf 89' lang='lat' dir='ltr'><strong>modo</strong></span> <span class='ocrx_word' id='word_1_127' title='bbox 345 2213 404 2252; x_wconf 93' lang='lat' dir='ltr'><strong>non</strong></span> <span class='ocrx_word' id='word_1_128' title='bbox 427 2195 551 2271; x_wconf 90' lang='lat' dir='ltr'><strong>possint.</strong></span> <span class='ocrx_word' id='word_1_129' title='bbox 591 2195 640 2252; x_wconf 90' lang='lat' dir='ltr'><strong>scd</strong></span> <span class='ocrx_word' id='word_1_130' title='bbox 663 2199 784 2253; x_wconf 84' lang='lat' dir='ltr'><strong>exstant</strong></span> <span class='ocrx_word' id='word_1_131' title='bbox 806 2194 896 2252; x_wconf 90' lang='lat' dir='ltr'><strong>etiam</strong></span> <span class='ocrx_word' id='word_1_132' title='bbox 918 2193 996 2252; x_wconf 88' lang='lat' dir='ltr'><strong>haud</strong></span> <span class='ocrx_word' id='word_1_133' title='bbox 1019 2211 1114 2269; x_wconf 88' lang='lat' dir='ltr'><strong>panca</strong></span> <span class='ocrx_word' id='word_1_134' title='bbox 1136 2193 1283 2252; x_wconf 88' lang='lat' dir='ltr'><strong>attributa</strong></span> 
     </span>
     <span class='ocr_line' id='line_1_18' title="bbox 234 2295 1281 2374; baseline 0 -20"><span class='ocrx_word' id='word_1_135' title='bbox 234 2302 329 2355; x_wconf 87' lang='lat' dir='ltr'><strong>metro</strong></span> <span class='ocrx_word' id='word_1_136' title='bbox 360 2316 482 2373; x_wconf 88' lang='lat' dir='ltr'><strong>prorsus</strong></span> <span class='ocrx_word' id='word_1_137' title='bbox 511 2296 614 2373; x_wconf 88' lang='lat' dir='ltr'><strong>paria;</strong></span> <span class='ocrx_word' id='word_1_138' title='bbox 650 2296 683 2354; x_wconf 92' lang='lat' dir='ltr'><strong>in</strong></span> <span class='ocrx_word' id='word_1_139' title='bbox 712 2297 820 2374; x_wconf 90' lang='lat' dir='ltr'><strong>quibus</strong></span> <span class='ocrx_word' id='word_1_140' title='bbox 848 2295 993 2368; x_wconf 80' lang='lat' dir='ltr'><strong>eligendis</strong></span> <span class='ocrx_word' id='word_1_141' title='bbox 1023 2300 1128 2371; x_wconf 90' lang='lat' dir='ltr'><strong>poetas</strong></span> <span class='ocrx_word' id='word_1_142' title='bbox 1156 2295 1281 2354; x_wconf 89' lang='lat' dir='ltr'><strong>libidine</strong></span> 
     </span>
     <span class='ocr_line' id='line_1_19' title="bbox 236 2398 1282 2472; baseline -0.001 -15"><span class='ocrx_word' id='word_1_143' title='bbox 236 2418 289 2458; x_wconf 88' lang='lat' dir='ltr'><strong>sua</strong></span> <span class='ocrx_word' id='word_1_144' title='bbox 313 2399 418 2458; x_wconf 89' lang='lat' dir='ltr'><strong>ductos</strong></span> <span class='ocrx_word' id='word_1_145' title='bbox 441 2418 504 2457; x_wconf 90' lang='lat' dir='ltr'><strong>esse</strong></span> <span class='ocrx_word' id='word_1_146' title='bbox 527 2400 746 2458; x_wconf 88' lang='lat' dir='ltr'><strong>concedendum</strong></span> <span class='ocrx_word' id='word_1_147' title='bbox 770 2405 823 2472; x_wconf 86' lang='lat' dir='ltr'><strong>est,</strong></span> <span class='ocrx_word' id='word_1_148' title='bbox 847 2398 905 2456; x_wconf 89' lang='lat' dir='ltr'><strong>uisi</strong></span> <span class='ocrx_word' id='word_1_149' title='bbox 922 2398 1066 2456; x_wconf 88' lang='lat' dir='ltr'><strong>attributa</strong></span> <span class='ocrx_word' id='word_1_150' title='bbox 1088 2403 1140 2456; x_wconf 86' lang='lat' dir='ltr'><strong>aut</strong></span> <span class='ocrx_word' id='word_1_151' title='bbox 1162 2405 1282 2456; x_wconf 86' lang='lat' dir='ltr'><strong>senten·</strong></span> 
     </span>
     <span class='ocr_line' id='line_1_20' title="bbox 233 2499 1281 2578; baseline -0.002 -18"><span class='ocrx_word' id='word_1_152' title='bbox 233 2499 277 2560; x_wconf 85' lang='lat' dir='ltr'><strong>tia</strong></span> <span class='ocrx_word' id='word_1_153' title='bbox 299 2501 490 2578; x_wconf 87' lang='lat' dir='ltr'><strong>postulantur</strong></span> <span class='ocrx_word' id='word_1_154' title='bbox 512 2509 564 2561; x_wconf 88' lang='lat' dir='ltr'><strong>aut</strong></span> <span class='ocrx_word' id='word_1_155' title='bbox 586 2502 706 2560; x_wconf 91' lang='lat' dir='ltr'><strong>omnino</strong></span> <span class='ocrx_word' id='word_1_156' title='bbox 728 2521 796 2560; x_wconf 87' lang='lat' dir='ltr'><strong>raro</strong></span> <span class='ocrx_word' id='word_1_157' title='bbox 819 2501 960 2575; x_wconf 85' lang='lat' dir='ltr'><strong>leguntur</strong></span> <span class='ocrx_word' id='word_1_158' title='bbox 981 2500 1030 2560; x_wconf 88' lang='lat' dir='ltr'><strong>vel</strong></span> <span class='ocrx_word' id='word_1_159' title='bbox 1052 2500 1084 2558; x_wconf 92' lang='lat' dir='ltr'><strong>iu</strong></span> <span class='ocrx_word' id='word_1_160' title='bbox 1106 2500 1281 2560; x_wconf 87' lang='lat' dir='ltr'><strong>recentiori·</strong></span> 
     </span>
     <span class='ocr_line' id='line_1_21' title="bbox 233 2603 461 2680; baseline 0.009 -18"><span class='ocrx_word' id='word_1_161' title='bbox 233 2605 289 2662; x_wconf 90' lang='lat' dir='ltr'><strong>bus</strong></span> <span class='ocrx_word' id='word_1_162' title='bbox 316 2603 461 2680; x_wconf 88' lang='lat' dir='ltr'><strong>partibus.</strong></span> 
     </span>
    </p>
   </div>
   <div class='ocr_carea' id='block_1_3' title="bbox 736 2853 788 2924">
    <p class='ocr_par' dir='ltr' id='par_1_4' title="bbox 736 2853 788 2924">
     <span class='ocr_line' id='line_1_22' title="bbox 736 2853 788 2924; baseline 0.019 -1"><span class='ocrx_word' id='word_1_163' title='bbox 736 2853 788 2924; x_wconf 90' lang='lat'><strong>11.</strong></span> 
     </span>
    </p>
   </div>
   <div class='ocr_carea' id='block_1_4' title="bbox 235 3011 1349 4427">
    <p class='ocr_par' dir='ltr' id='par_1_5' title="bbox 235 3011 1349 4427">
     <span class='ocr_line' id='line_1_23' title="bbox 320 3011 1282 3094; baseline -0.003 -21"><span class='ocrx_word' id='word_1_164' title='bbox 320 3019 446 3074; x_wconf 79' lang='lat' dir='ltr'><strong>Atteuto</strong></span> <span class='ocrx_word' id='word_1_165' title='bbox 467 3015 567 3073; x_wconf 89' lang='lat' dir='ltr'><strong>animo</strong></span> <span class='ocrx_word' id='word_1_166' title='bbox 591 3015 640 3094; x_wconf 92' lang='lat' dir='ltr'><strong>qui</strong></span> <span class='ocrx_word' id='word_1_167' title='bbox 665 3013 797 3073; x_wconf 89' lang='lat' dir='ltr'><strong>carmina</strong></span> <span class='ocrx_word' id='word_1_168' title='bbox 818 3013 980 3072; x_wconf 85' lang='lat' dir='ltr'><strong>Homerica</strong></span> <span class='ocrx_word' id='word_1_169' title='bbox 1001 3011 1164 3073; x_wconf 90' lang='lat' dir='ltr'><strong>identidem</strong></span> <span class='ocrx_word' id='word_1_170' title='bbox 1185 3013 1282 3092; x_wconf 90' lang='lat' dir='ltr'><strong>perlo-</strong></span> 
     </span>
     <span class='ocr_line' id='line_1_24' title="bbox 236 3115 1283 3196; baseline -0.003 -21"><span class='ocrx_word' id='word_1_171' title='bbox 236 3118 287 3192; x_wconf 83' lang='lat' dir='ltr'><strong>git,</strong></span> <span class='ocrx_word' id='word_1_172' title='bbox 310 3121 391 3175; x_wconf 90' lang='lat' dir='ltr'><strong>certe</strong></span> <span class='ocrx_word' id='word_1_173' title='bbox 413 3117 473 3175; x_wconf 87' lang='lat' dir='ltr'><strong>iam</strong></span> <span class='ocrx_word' id='word_1_174' title='bbox 496 3135 584 3196; x_wconf 88' lang='lat' dir='ltr'><strong>quam</strong></span> <span class='ocrx_word' id='word_1_175' title='bbox 606 3117 693 3176; x_wconf 86' lang='lat' dir='ltr'><strong>firma</strong></span> <span class='ocrx_word' id='word_1_176' title='bbox 715 3121 745 3174; x_wconf 88' lang='lat' dir='ltr'><strong>et</strong></span> <span class='ocrx_word' id='word_1_177' title='bbox 764 3116 880 3175; x_wconf 88' lang='lat' dir='ltr'><strong>stabilis</strong></span> <span class='ocrx_word' id='word_1_178' title='bbox 895 3117 1055 3175; x_wconf 86' lang='lat' dir='ltr'><strong>multorum</strong></span> <span class='ocrx_word' id='word_1_179' title='bbox 1070 3115 1283 3175; x_wconf 85' lang='lat' dir='ltr'><strong>vocabulorum</strong></span> 
     </span>
     <span class='ocr_line' id='line_1_25' title="bbox 235 3217 1282 3281; baseline -0.004 -3"><span class='ocrx_word' id='word_1_180' title='bbox 235 3221 268 3278; x_wconf 90' lang='lat' dir='ltr'><strong>in</strong></span> <span class='ocrx_word' id='word_1_181' title='bbox 290 3239 380 3281; x_wconf 78' lang='lat' dir='ltr'><strong>versu</strong></span> <span class='ocrx_word' id='word_1_182' title='bbox 402 3219 557 3279; x_wconf 88' lang='lat' dir='ltr'><strong>collocatio</strong></span> <span class='ocrx_word' id='word_1_183' title='bbox 589 3219 628 3278; x_wconf 89' lang='lat' dir='ltr'><strong>sit</strong></span> <span class='ocrx_word' id='word_1_184' title='bbox 650 3221 774 3277; x_wconf 79' lang='lat' dir='ltr'><strong>miratus</strong></span> <span class='ocrx_word' id='word_1_185' title='bbox 797 3224 859 3277; x_wconf 90' lang='lat' dir='ltr'><strong>est:</strong></span> <span class='ocrx_word' id='word_1_186' title='bbox 891 3227 938 3277; x_wconf 92' lang='lat' dir='ltr'><strong>est</strong></span> <span class='ocrx_word' id='word_1_187' title='bbox 966 3221 1025 3277; x_wconf 92' lang='lat' dir='ltr'><strong>hoe</strong></span> <span class='ocrx_word' id='word_1_188' title='bbox 1055 3238 1088 3277; x_wconf 90' lang='lat' dir='ltr'><strong>re</strong></span> <span class='ocrx_word' id='word_1_189' title='bbox 1110 3237 1183 3278; x_wconf 85' lang='lat' dir='ltr'><strong>vera</strong></span> <span class='ocrx_word' id='word_1_190' title='bbox 1205 3217 1282 3275; x_wconf 82' lang='lat' dir='ltr'><strong>diffl-</strong></span> 
     </span>
     <span class='ocr_line' id='line_1_26' title="bbox 237 3320 1283 3400; baseline -0.006 -18"><span class='ocrx_word' id='word_1_191' title='bbox 237 3323 294 3382; x_wconf 90' lang='lat' dir='ltr'><strong>eile</strong></span> <span class='ocrx_word' id='word_1_192' title='bbox 315 3323 353 3382; x_wconf 88' lang='lat' dir='ltr'><strong>ad</strong></span> <span class='ocrx_word' id='word_1_193' title='bbox 376 3322 594 3400; x_wconf 87' lang='lat' dir='ltr'><strong>explicandum.</strong></span> <span class='ocrx_word' id='word_1_194' title='bbox 633 3322 688 3381; x_wconf 91' lang='lat' dir='ltr'><strong>etsi</strong></span> <span class='ocrx_word' id='word_1_195' title='bbox 711 3321 874 3381; x_wconf 81' lang='lat' dir='ltr'><strong>necessitas</strong></span> <span class='ocrx_word' id='word_1_196' title='bbox 896 3321 1049 3380; x_wconf 89' lang='lat' dir='ltr'><strong>rarissime</strong></span> <span class='ocrx_word' id='word_1_197' title='bbox 1071 3320 1207 3395; x_wconf 86' lang='lat' dir='ltr'><strong>cognosci</strong></span> <span class='ocrx_word' id='word_1_198' title='bbox 1231 3339 1283 3396; x_wconf 91' lang='lat' dir='ltr'><strong>po-</strong></span> 
     </span>
     <span class='ocr_line' id='line_1_27' title="bbox 237 3424 1283 3504; baseline -0.004 -20"><span class='ocrx_word' id='word_1_199' title='bbox 237 3432 305 3498; x_wconf 88' lang='lat' dir='ltr'><strong>test,</strong></span> <span class='ocrx_word' id='word_1_200' title='bbox 327 3431 427 3484; x_wconf 89' lang='lat' dir='ltr'><strong>tamen</strong></span> <span class='ocrx_word' id='word_1_201' title='bbox 451 3425 628 3484; x_wconf 85' lang='lat' dir='ltr'><strong>necessitate</strong></span> <span class='ocrx_word' id='word_1_202' title='bbox 651 3425 777 3504; x_wconf 89' lang='lat' dir='ltr'><strong>quadam</strong></span> <span class='ocrx_word' id='word_1_203' title='bbox 800 3426 877 3482; x_wconf 89' lang='lat' dir='ltr'><strong>idem</strong></span> <span class='ocrx_word' id='word_1_204' title='bbox 900 3444 1017 3501; x_wconf 85' lang='lat' dir='ltr'><strong>semper</strong></span> <span class='ocrx_word' id='word_1_205' title='bbox 1038 3424 1070 3482; x_wconf 93' lang='lat' dir='ltr'><strong>iu</strong></span> <span class='ocrx_word' id='word_1_206' title='bbox 1093 3424 1195 3482; x_wconf 88' lang='lat' dir='ltr'><strong>eadem</strong></span> <span class='ocrx_word' id='word_1_207' title='bbox 1217 3441 1283 3481; x_wconf 85' lang='lat' dir='ltr'><strong>vor·</strong></span> 
     </span>
     <span class='ocr_line' id='line_1_28' title="bbox 238 3523 1282 3606; baseline -0.003 -22"><span class='ocrx_word' id='word_1_208' title='bbox 238 3547 287 3586; x_wconf 89' lang='lat' dir='ltr'><strong>sus</strong></span> <span class='ocrx_word' id='word_1_209' title='bbox 319 3528 387 3587; x_wconf 90' lang='lat' dir='ltr'><strong>sedo</strong></span> <span class='ocrx_word' id='word_1_210' title='bbox 417 3527 503 3586; x_wconf 84' lang='lat' dir='ltr'><strong>redit</strong></span> <span class='ocrx_word' id='word_1_211' title='bbox 550 3528 629 3606; x_wconf 87' lang='lat' dir='ltr'><strong>quod</strong></span> <span class='ocrx_word' id='word_1_212' title='bbox 657 3526 779 3586; x_wconf 89' lang='lat' dir='ltr'><strong>minime</strong></span> <span class='ocrx_word' id='word_1_213' title='bbox 811 3528 838 3585; x_wconf 92' lang='lat' dir='ltr'><strong>ei</strong></span> <span class='ocrx_word' id='word_1_214' title='bbox 861 3528 1081 3600; x_wconf 82' lang='lat' dir='ltr'><strong>gravabuntur,</strong></span> <span class='ocrx_word' id='word_1_215' title='bbox 1113 3525 1164 3606; x_wconf 88' lang='lat' dir='ltr'><strong>qui</strong></span> <span class='ocrx_word' id='word_1_216' title='bbox 1198 3523 1282 3604; x_wconf 85' lang='lat' dir='ltr'><strong>quasi</strong></span> 
     </span>
     <span class='ocr_line' id='line_1_29' title="bbox 236 3628 1284 3707; baseline -0.003 -18"><span class='ocrx_word' id='word_1_217' title='bbox 236 3631 452 3707; x_wconf 88' lang='lat' dir='ltr'><strong>rhapsodorum</strong></span> <span class='ocrx_word' id='word_1_218' title='bbox 468 3630 584 3689; x_wconf 88' lang='lat' dir='ltr'><strong>scholas</strong></span> <span class='ocrx_word' id='word_1_219' title='bbox 605 3630 698 3688; x_wconf 83' lang='lat' dir='ltr'><strong>fuisse</strong></span> <span class='ocrx_word' id='word_1_220' title='bbox 713 3629 906 3705; x_wconf 85' lang='lat' dir='ltr'><strong>arbitrantur,</strong></span> <span class='ocrx_word' id='word_1_221' title='bbox 928 3628 960 3686; x_wconf 93' lang='lat' dir='ltr'><strong>iu</strong></span> <span class='ocrx_word' id='word_1_222' title='bbox 985 3629 1092 3707; x_wconf 89' lang='lat' dir='ltr'><strong>quibus</strong></span> <span class='ocrx_word' id='word_1_223' title='bbox 1115 3628 1244 3687; x_wconf 86' lang='lat' dir='ltr'><strong>minores</strong></span> <span class='ocrx_word' id='word_1_224' title='bbox 1266 3647 1284 3686; x_wconf 88' lang='lat' dir='ltr'><strong>a</strong></span> 
     </span>
     <span class='ocr_line' id='line_1_30' title="bbox 238 3730 1284 3807; baseline 0 -17"><span class='ocrx_word' id='word_1_225' title='bbox 238 3733 401 3792; x_wconf 88' lang='lat' dir='ltr'><strong>maioribus</strong></span> <span class='ocrx_word' id='word_1_226' title='bbox 424 3733 667 3793; x_wconf 85' lang='lat' dir='ltr'><strong>instituerentur:</strong></span> <span class='ocrx_word' id='word_1_227' title='bbox 697 3733 866 3790; x_wconf 88' lang='lat' dir='ltr'><strong>didicerunt</strong></span> <span class='ocrx_word' id='word_1_228' title='bbox 886 3731 961 3790; x_wconf 88' lang='lat' dir='ltr'><strong>illud</strong></span> <span class='ocrx_word' id='word_1_229' title='bbox 984 3730 1122 3807; x_wconf 89' lang='lat' dir='ltr'><strong>discipuli</strong></span> <span class='ocrx_word' id='word_1_230' title='bbox 1145 3737 1176 3790; x_wconf 89' lang='lat' dir='ltr'><strong>et</strong></span> <span class='ocrx_word' id='word_1_231' title='bbox 1197 3750 1284 3790; x_wconf 85' lang='lat' dir='ltr'><strong>exer-</strong></span> 
     </span>
     <span class='ocr_line' id='line_1_31' title="bbox 238 3831 1283 3913; baseline -0.003 -20"><span class='ocrx_word' id='word_1_232' title='bbox 238 3839 372 3895; x_wconf 84' lang='lat' dir='ltr'><strong>cuerunt.</strong></span> <span class='ocrx_word' id='word_1_233' title='bbox 410 3837 461 3894; x_wconf 87' lang='lat' dir='ltr'><strong>sed</strong></span> <span class='ocrx_word' id='word_1_234' title='bbox 484 3836 569 3894; x_wconf 89' lang='lat' dir='ltr'><strong>multi</strong></span> <span class='ocrx_word' id='word_1_235' title='bbox 593 3836 657 3894; x_wconf 87' lang='lat' dir='ltr'><strong>eius</strong></span> <span class='ocrx_word' id='word_1_236' title='bbox 679 3834 759 3892; x_wconf 89' lang='lat' dir='ltr'><strong>modi</strong></span> <span class='ocrx_word' id='word_1_237' title='bbox 782 3834 899 3892; x_wconf 87' lang='lat' dir='ltr'><strong>scholas</strong></span> <span class='ocrx_word' id='word_1_238' title='bbox 931 3853 1062 3913; x_wconf 85' lang='lat' dir='ltr'><strong>unquam</strong></span> <span class='ocrx_word' id='word_1_239' title='bbox 1085 3834 1176 3893; x_wconf 83' lang='lat' dir='ltr'><strong>fuisse</strong></span> <span class='ocrx_word' id='word_1_240' title='bbox 1198 3831 1283 3892; x_wconf 81' lang='lat' dir='ltr'><strong>lorti·</strong></span> 
     </span>
     <span class='ocr_line' id='line_1_32' title="bbox 237 3935 1349 4018; baseline -0.002 -20"><span class='ocrx_word' id='word_1_241' title='bbox 237 3945 285 3998; x_wconf 87' lang='lat' dir='ltr'><strong>ter</strong></span> <span class='ocrx_word' id='word_1_242' title='bbox 307 3943 433 4014; x_wconf 81' lang='lat' dir='ltr'><strong>negant:</strong></span> <span class='ocrx_word' id='word_1_243' title='bbox 465 3939 515 4018; x_wconf 88' lang='lat' dir='ltr'><strong>qui</strong></span> <span class='ocrx_word' id='word_1_244' title='bbox 539 3939 685 4018; x_wconf 91' lang='lat' dir='ltr'><strong>quomodo</strong></span> <span class='ocrx_word' id='word_1_245' title='bbox 709 3957 772 3996; x_wconf 90' lang='lat' dir='ltr'><strong>rem</strong></span> <span class='ocrx_word' id='word_1_246' title='bbox 795 3937 963 4014; x_wconf 80' lang='lat' dir='ltr'><strong>explicent,</strong></span> <span class='ocrx_word' id='word_1_247' title='bbox 985 3937 1041 4013; x_wconf 87' lang='lat' dir='ltr'><strong>ipsi</strong></span> <span class='ocrx_word' id='word_1_248' title='bbox 1065 3937 1195 3996; x_wconf 81' lang='lat' dir='ltr'><strong>videant.</strong></span> <span class='ocrx_word' id='word_1_249' title='bbox 1233 3935 1284 3993; x_wconf 90' lang='lat' dir='ltr'><strong>sed</strong></span> <span class='ocrx_word' id='word_1_250' title='bbox 1345 3985 1349 3996; x_wconf 76' lang='grc'><strong>,</strong></span> 
     </span>
     <span class='ocr_line' id='line_1_33' title="bbox 239 4039 1285 4121; baseline -0.001 -22"><span class='ocrx_word' id='word_1_251' title='bbox 239 4041 384 4121; x_wconf 88' lang='lat' dir='ltr'><strong>quidquid</strong></span> <span class='ocrx_word' id='word_1_252' title='bbox 405 4042 573 4120; x_wconf 86' lang='lat' dir='ltr'><strong>proferent,</strong></span> <span class='ocrx_word' id='word_1_253' title='bbox 596 4061 645 4100; x_wconf 87' lang='lat' dir='ltr'><strong>res</strong></span> <span class='ocrx_word' id='word_1_254' title='bbox 667 4041 733 4118; x_wconf 86' lang='lat' dir='ltr'><strong>ipsa</strong></span> <span class='ocrx_word' id='word_1_255' title='bbox 754 4040 884 4098; x_wconf 89' lang='lat' dir='ltr'><strong>dubitari</strong></span> <span class='ocrx_word' id='word_1_256' title='bbox 908 4039 1029 4119; x_wconf 89' lang='lat' dir='ltr'><strong>nequit,</strong></span> <span class='ocrx_word' id='word_1_257' title='bbox 1060 4045 1090 4097; x_wconf 90' lang='lat' dir='ltr'><strong>et</strong></span> <span class='ocrx_word' id='word_1_258' title='bbox 1111 4040 1285 4117; x_wconf 80' lang='lat' dir='ltr'><strong>frequenter</strong></span> 
     </span>
     <span class='ocr_line' id='line_1_34' title="bbox 237 4141 1284 4222; baseline -0.005 -20"><span class='ocrx_word' id='word_1_259' title='bbox 237 4144 296 4202; x_wconf 90' lang='lat' dir='ltr'><strong>iam</strong></span> <span class='ocrx_word' id='word_1_260' title='bbox 318 4144 377 4205; x_wconf 79' lang='lat' dir='ltr'><strong>riri</strong></span> <span class='ocrx_word' id='word_1_261' title='bbox 400 4144 479 4203; x_wconf 92' lang='lat' dir='ltr'><strong>docti</strong></span> <span class='ocrx_word' id='word_1_262' title='bbox 510 4145 568 4203; x_wconf 92' lang='lat' dir='ltr'><strong>hoo</strong></span> <span class='ocrx_word' id='word_1_263' title='bbox 598 4150 774 4218; x_wconf 81' lang='lat' dir='ltr'><strong>argumento</strong></span> <span class='ocrx_word' id='word_1_264' title='bbox 804 4145 841 4202; x_wconf 91' lang='lat' dir='ltr'><strong>ad</strong></span> <span class='ocrx_word' id='word_1_265' title='bbox 870 4142 1066 4202; x_wconf 90' lang='lat' dir='ltr'><strong>recentiorem</strong></span> <span class='ocrx_word' id='word_1_266' title='bbox 1099 4141 1284 4222; x_wconf 87' lang='lat' dir='ltr'><strong>quorundam</strong></span> 
     </span>
     <span class='ocr_line' id='line_1_35' title="bbox 237 4246 1284 4323; baseline -0.006 -16"><span class='ocrx_word' id='word_1_267' title='bbox 237 4267 378 4308; x_wconf 81' lang='lat' dir='ltr'><strong>versuum</strong></span> <span class='ocrx_word' id='word_1_268' title='bbox 401 4247 548 4320; x_wconf 78' lang='lat' dir='ltr'><strong>originem</strong></span> <span class='ocrx_word' id='word_1_269' title='bbox 578 4247 811 4307; x_wconf 82' lang='lat' dir='ltr'><strong>convincendam</strong></span> <span class='ocrx_word' id='word_1_270' title='bbox 839 4250 975 4304; x_wconf 88' lang='lat' dir='ltr'><strong>utuntur.</strong></span> <span class='ocrx_word' id='word_1_271' title='bbox 1019 4246 1097 4323; x_wconf 86' lang='lat' dir='ltr'><strong>quod</strong></span> <span class='ocrx_word' id='word_1_272' title='bbox 1127 4263 1194 4303; x_wconf 91' lang='lat' dir='ltr'><strong>cum</strong></span> <span class='ocrx_word' id='word_1_273' title='bbox 1223 4261 1284 4302; x_wconf 90' lang='lat' dir='ltr'><strong>non</strong></span> 
     </span>
     <span class='ocr_line' id='line_1_36' title="bbox 237 4346 1284 4427; baseline -0.002 -19"><span class='ocrx_word' id='word_1_274' title='bbox 237 4349 401 4409; x_wconf 86' lang='lat' dir='ltr'><strong>infeliciter</strong></span> <span class='ocrx_word' id='word_1_275' title='bbox 422 4349 584 4427; x_wconf 88' lang='lat' dir='ltr'><strong>periclitati</strong></span> <span class='ocrx_word' id='word_1_276' title='bbox 607 4349 675 4422; x_wconf 85' lang='lat' dir='ltr'><strong>sint,</strong></span> <span class='ocrx_word' id='word_1_277' title='bbox 699 4369 734 4408; x_wconf 89' lang='lat' dir='ltr'><strong>eo</strong></span> <span class='ocrx_word' id='word_1_278' title='bbox 756 4347 852 4423; x_wconf 78' lang='lat' dir='ltr'><strong>magis</strong></span> <span class='ocrx_word' id='word_1_279' title='bbox 873 4347 1018 4426; x_wconf 87' lang='lat' dir='ltr'><strong>peculiari</strong></span> <span class='ocrx_word' id='word_1_280' title='bbox 1035 4346 1284 4408; x_wconf 85' lang='lat' dir='ltr'><strong>commentatione</strong></span> 
     </span>
    </p>
   </div>
   <div class='ocr_carea' id='block_1_5' title="bbox 0 0 1604 4974">
    <p class='ocr_par' dir='ltr' id='par_1_6' title="bbox 0 0 1604 4974">
     <span class='ocr_line' id='line_1_37' title="bbox 0 0 1604 4974; baseline 0 0"><span class='ocrx_word' id='word_1_281' title='bbox 0 0 1604 4974; x_wconf 95' lang='lat' dir='ltr'><strong> </strong></span> 
     </span>
    </p>
   </div>
  </div>
 </body>
</html>
