3192 4974
660 501 875 568 „45-

245 670 403 754 Διομήδυς
415 675 447 752 ¹)
463 695 617 753 persaepe.
646 676 698 736 sed
713 675 913 734 attendendus
937 679 984 734 eet
998 673 1090 734 etiam
1105 673 1183 734 alius
1198 675 1291 746 looua,

244 783 362 840 Pelo:
384 773 437 838 τδυ
459 773 491 837 δὲ
514 771 627 838 πεσόντ’
655 773 767 854 ἐλέησον
790 765 948 854 ἆρὴίφιλος
962 769 1156 852 Λυκομήδης.
1193 797 1292 856 neque
1309 777 1444 848 α’ρηλφιλος

244 883 325 944 enim
340 901 473 962 unquam
488 881 647 942 Diomedes
664 872 820 958 δρηλφιλος
841 879 1023 952 nominatur,
1046 898 1225 958 quamquam
1240 897 1293 938 au·

208 1041 212 1048 .
241 984 319 1046 xilio
336 1007 354 1043 υ
369 981 581 1057 ἒφελκυοτικοῦ
600 981 667 1042 15ἰθῧ
686 983 746 1042 boo
767 981 925 1061 epitheton
947 1001 1002 1060 pro
1025 974 1101 1058 βοὴν
1124 973 1240 1059 ἀγαθός
1253 983 1293 1056 ²),

244 1094 292 1148 ter
313 1108 368 1166 pro
392 1078 570 1164 ὑπέρθυμος
599 1087 651 1147 vel
680 1076 864 1163 ὑπερφίαλος
894 1084 1029 1165 aooipere
1059 1083 1168 1162 potuit.
1212 1081 1292 1142 unde

244 1191 293 1250 aui
315 1191 445 1250 fortasse
468 1189 599 1266 suspioio
614 1193 756 1248 naseatur
771 1191 933 1264 propterea
948 1187 1125 1248 Diomedem
1139 1206 1294 1265 nunquam

241 1294 286 1354 ita
308 1292 465 1372 appellari,
492 1292 563 1372 qnia
585 1294 714 1352 Martem
736 1293 961 1354 vulneraverat
1006 1295 1038 1350 at
1061 1289 1086 1350 ei
1108 1294 1215 1366 poetae
1239 1310 1293 1349 sau

242 1395 343 1474 potius
362 1393 506 1472 rhapsodi
522 1393 775 1469 significationem
789 1393 873 1454 roais
897 1384 1056 1468 δρηίφιλος
1078 1397 1141 1452 tam
1162 1391 1292 1466 diligen·

242 1503 290 1558 ter
312 1497 569 1569 deliberaverunt,
590 1501 626 1556 ut
647 1496 680 1554 in
696 1495 843 1558 Diomede
865 1496 1063 1568 offenderent,
1086 1513 1140 1554 our
1160 1515 1222 1554 non
1245 1515 1292 1554 oe-

242 1600 317 1660 terie
339 1620 458 1680 quoque
480 1599 569 1673 loeis,
592 1599 645 1659 ubi
668 1599 775 1660 Graaoi
797 1600 905 1659 heroes
926 1597 972 1658 ita
994 1599 1201 1675 appellantur,
1223 1615 1293 1658 ver-

243 1723 292 1764 sus
314 1701 533 1762 correxerunt?
566 1701 676 1762 deinde
702 1702 787 1780 ¹quod
816 1702 853 1760 de
884 1701 1054 1779 Lyaomede
1084 1705 1116 1759 et
1136 1699 1292 1772 Diomede,

244 1805 325 1866 idem
355 1806 393 1864 de
423 1806 507 1864 Iolao
540 1809 571 1864 et
601 1806 740 1864 Menelao
773 1803 974 1864 animadverti
1007 1807 1116 1881 potest.
1160 1822 1230 1861 nam
1259 1801 1293 1860 in

242 1907 418 1982 Theogonia
438 1905 487 1966 illi
510 1907 603 1966 semel
624 1905 805 1966 attributum
829 1899 987 1983 α’ρηίφιλος
1009 1904 1106 1966 tribui
1127 1903 1187 1964 iam
1210 1903 1292 1977 dixi3

242 2015 402 2090 praeterea
415 2009 555 2069 Menelai*
567 2009 748 2070 attributum
770 2001 933 2082 κυδάλιμος
954 2007 1001 2068 bis
1025 2012 1072 2068 est
1092 2006 1125 2066 in
1142 2007 1232 2067 Sento
1255 2007 1292 2066 de
1309 1992 1448 2062 κυδάλιμος

243 2114 328 2173 Iolao
350 2111 474 2186 dietum,
497 2133 541 2172 vs.
567 2114 627 2170 467
651 2105 815 2186 κυδάλιμος
832 2104 975 2188 ἸόλαοςΙ)
999 2116 1030 2172 et
1053 2112 1092 2169 74
1115 2107 1294 2186 (κυδαλίμου

243 2207 357 2274 Ἰολάου
367 2213 384 2292 l)
400 2215 437 2286 ³).
475 2218 507 2273 at
529 2215 676 2294 quomodo
700 2214 737 2287 ei,
760 2213 813 2294 qui
834 2213 868 2272 in
890 2214 993 2275 verbis
1018 2207 1178 2290 δρηίφιλος
1192 2215 1294 2270 Λυκο·

247 2313 345 2394 μήδης
369 2318 534 2391 offendunt,
558 2317 713 2394 explioant
734 2309 876 2394 κρατερδς
893 2309 1018 2384 Ἰόλοοςλ
1044 2317 1125 2376 Sout.
1150 2321 1221 2389 323,
1245 2316 1296 2387 77,

247 2441 314 2482 oum
337 2421 492 2480 Menelaus
514 2441 669 2500 uunquam
692 2412 836 2498 κρατερός
858 2421 1045 2498 appelletur,
1078 2417 1198 2496 saepius
1221 2438 1295 2479 varo

245 2521 428 2584 Diomedes?
470 2543 543 2582 num
565 2522 616 2582 hia
639 2541 758 2604 quoque
773 2523 953 2600 prudentem
967 2527 1087 2600 poetam
1101 2540 1208 2584 rodem
1230 2518 1296 2590 ξαν-

245 2620 325 2697 θός,
358 2647 413 2703 pro
437 2619 578 2703 κρατερός
606 2626 639 2684 in
662 2627 802 2685 Menelao
831 2625 989 2698 usitatam,
1018 2623 1169 2702 sprevisse
1192 2622 1297 2684 aliam·

247 2749 305 2808 que
327 2731 364 2788 de
378 2729 525 2790 Diomede
547 2729 739 2790 transtulisse
754 2730 921 2808 putandum
938 2733 991 2802 eet,
1015 2720 1104 2788 utin
1126 2728 1298 2806 Lyoomede

244 2831 281 2892 de
305 2833 460 2906 Menelao,
491 2853 553 2892 non
575 2833 612 2892 de
635 2831 804 2892 Diomede?
854 2831 946 2890 etiam
976 2831 1008 2888 in
1030 2829 1236 2906 Thrasymede
1266 2833 1298 2887 et

244 2933 390 2994 Diomede
413 2933 511 2994 simile
534 2935 607 3014 quid
628 2935 672 2994 fit.
709 2939 803 3013 7448
828 2933 909 2993 enim
930 2933 979 2992 illi
1000 2931 1156 2992 Diomedis
1179 2931 1297 3009 epithe-

244 3040 299 3094 ton
321 3028 498 3114 ὑπέρθυμος
526 3039 631 3111 datur,
665 3038 695 3094 K
717 3043 777 3096 255
810 3042 911 3097 autem
941 3041 973 3096 et
999 3056 1017 3115 γ
1039 3040 1101 3096 442
1128 3056 1190 3095 non
1220 3029 1297 3109 βοήν

245 3131 379 3216 ἀγαθός,
402 3141 455 3198 sed
477 3134 698 3216 μενεπτόλεμος.
741 3140 872 3220 denique
904 3173 946 3182 -
977 3144 1009 3198 et
1037 3140 1096 3198 hoo
1125 3137 1228 3197 neseio
1257 3157 1296 3194 an

244 3240 457 3316 gravissimum
487 3242 528 3301 sit
557 3276 598 3286 —
628 3244 681 3304 vel
710 3242 840 3302 maxime
862 3241 1019 3320 probabile
1049 3246 1096 3300 est
1123 3240 1171 3298 illi
1192 3237 1297 3301 versui

245 3342 270 3398 P
290 3347 351 3402 346
374 3345 513 3422 exemplo
535 3345 630 3406 irrisae
658 3347 686 3402 E
710 3351 767 3404 561
803 3337 855 3404 τδυ
884 3339 916 3404 δὲ
938 3335 1055 3402 πεσόντ’
1076 3338 1192 3418 ἐλέησεν
1214 3333 1297 3418 dput-

244 3447 331 3520 φιλος
353 3443 521 3516 Μενέλαος.

329 3551 398 3609 Non
418 3549 493 3610 lieet
513 3550 610 3625 igitur
635 3573 675 3612 ex
703 3573 761 3614 usu
792 3552 883 3612 huius
914 3549 1056 3610 attributi
1087 3533 1296 3626 aLyeomede

244 3650 408 3731 quidquam
431 3654 609 3714 concludere
631 3656 669 3714 de
691 3655 846 3716 Diomede.
888 3672 945 3712 neo
967 3651 1090 3712 omnino
1113 3651 1206 3710 semel
1228 3671 1297 3710 eum

244 3753 288 3812 sie
309 3755 370 3814 diei
392 3755 564 3818 mirandum
586 3763 641 3831 est,
663 3757 805 3836 quoniam
835 3759 903 3834 plue
926 3757 1019 3816 semel
1040 3754 1097 3816 vix
1119 3773 1297 3814 oommemo·
1336 3791 1339 3796 -

314 4044 339 4114 1)
357 4045 382 4098 K
401 4049 451 4098 536
477 4061 522 4108 pro
546 4061 574 4098 τε
592 4045 637 4102 aul
661 4039 676 4098 δ
695 4043 819 4112 κρατερὸς
836 4040 969 4112 Διομήδης
994 4045 1082 4094 melius
1105 4044 1221 4094 scribitur
1246 4033 1296 4105 η’δὲ

245 4133 331 4184 κ.Δ.

263 4149 276 4198 ρ
311 4218 337 4283 2)
354 4220 381 4267 in
398 4221 513 4268 Menelao
532 4220 558 4268 id
576 4225 663 4279 quater
680 4222 717 4280 fit,
734 4235 760 4268 v.
779 4234 855 4280 supra
872 4235 896 4280 p.
911 4221 934 4266 6.

312 4305 339 4368 3)
356 4307 387 4353 of.
406 4307 481 4354 etiam
505 4301 678 4372 δουρικλεῖτδς
702 4303 844 4371 ΜεκέλαοςΙ
871 4310 895 4354 et
918 4301 1019 4356 ulainai
1042 4297 1156 4368 ἸολάουΙ
1181 4303 1242 4350 Hes.
1261 4302 1292 4352 fr.

244 4389 321 4438 0le
341 4395 363 4440 1.
