3192 4974
729 400 941 468 ..42-

314 557 416 658 τηλόλί
432 561 539 645 ἒοόσης
560 575 595 628 ut
620 603 651 612 -
681 564 768 646 έόντι,
792 608 833 618 -
849 568 953 645 ἐόντας
971 596 1076 636 versus
1099 579 1198 638 claudi
1221 583 1308 641 solet.
1326 616 1366 625 -

158 661 470 734 α’μαιμάκε-Ολιίαιοοτο
491 671 536 731 bie
559 673 703 733 attributo
719 669 921 753 άμαιμάκετος
944 683 1077 754 ornatur,
1104 681 1129 737 Ζ
1149 683 1207 741 179
1231 683 1367 762 (πρῶτον

209 753 253 798 τος
313 764 367 844 μέν
389 769 428 848 ῥα
454 772 605 854 Χίμαιραν
634 769 839 856 ἀμαιμακέτην
867 775 1029 859 ἐκέλευσεν)
1060 787 1091 842 et
1116 784 1150 840 Π
1170 790 1232 844 328
1250 807 1295 866 eq.
1319 780 1368 866 (39

312 870 350 951 ῥα
375 873 526 957 Χίμαιραν
545 876 549 957 Ι
569 874 686 957 θρέψεν
708 875 928 960 ἀμαιμακέτην,
959 885 996 944 of.
1020 881 1132 955 3311:
1164 880 1247 947 ίοτόν
1276 884 1366 966 ἄμαι-

313 967 440 1052 μάκετον
470 973 542 1057 νηός
572 976 832 1065 κυανοπρῴροιο),
865 987 1024 1066 utrobique
1046 988 1142 1062 igitur
1163 990 1253 1050 aliter
1276 993 1367 1054 oollo·

160 1081 293 1138 καλλιτλί-
313 1083 388 1140 nato.
414 1116 451 1124 -
476 1078 710 1160 καλλιπλόκαμος
737 1087 810 1166 (ον,
835 1088 885 1171 φ)
908 1089 995 1166 ter1)
1017 1095 1087 1168 poet
1102 1110 1179 1152 caes.
1196 1096 1366 1177 aemiquin„

150 1167 299 1289 gpfflfm
314 1184 445 1262 eemel²)
469 1192 537 1265 poet
558 1189 600 1250 ΙΙ.
623 1207 680 1249 are.
704 1192 859 1268 οκολαιί),
891 1212 975 1252 oaeue
997 1194 1080 1254 voois
1104 1191 1284 1274 ἐρίγδουπος
1314 1205 1366 1259 aut

312 1293 347 1348 ut
378 1288 410 1347 in
442 1291 570 1352 formula
603 1288 782 1372 ἐρίγδουπος
815 1287 903 1365 πόσις
925 1288 1039 1379 Ἥρης]
1074 1303 1126 1357 aui
1155 1305 1225 1375 poet
1254 1302 1280 1360 Ι.
1303 1307 1365 1362 tro-

156 1392 453 1467 ‹pameas-ohaam
486 1390 742 1472 φιλοπτολέμοισι,
773 1403 807 1458 ut
836 1394 1058 1478 φιληρέτμοισι,
1089 1399 1268 1482 plerumque
1297 1411 1366 1482 poet

147 1481 466 1606 φιλήζοεζμοςοοοοοτοω
488 1491 563 1556 κατά
585 1497 683 1578 τρίτον
706 1504 856 1579 τροχαῖον,
887 1500 973 1578 test)
1002 1507 1072 1562 ante
1095 1507 1176 1574 ea'm;
1207 1500 1365 1590 νιφόεντος

178 1600 276 1669 νιφὸεις
313 1603 358 1678 (-ι,
381 1599 425 1678 α)
448 1603 554 1662 autin
575 1604 636 1664 fine
659 1610 802 1665 autento
824 1605 962 1664 ultimum
984 1605 1234 1686 amphibrachyn,
1260 1611 1289 1666 Y
1302 1615 1363 1669 385

313 1708 383 1764 anta
413 1724 566 1768 caesuram
592 1698 667 1766 κατά
696 1706 793 1785 τρίτον
820 1711 969 1787 τροχαῖον,
1002 1709 1080 1788 quod
1104 1705 1136 1768 έν
1157 1709 1240 1770 πίονι
1263 1705 1363 1798 δήμῳ,

313 1808 459 1888 sequitur.

398 1913 468 1972 Sine
491 1912 581 1972 dnbio
603 1913 654 1974 hio
675 1933 817 1972 numerus
839 1912 941 1972 multis
960 1913 1105 1992 exemplis
1128 1917 1231 1990 augeri
1254 1920 1362 1994 potest,

312 2017 363 2074 aed
392 2015 515 2090 iongum
547 2022 592 2076 eet
623 2016 891 2096 difficillimumque
922 2015 1021 2075 omnia
1050 2037 1235 2079 enumerare.
1270 2041 1363 2080 unum

311 2123 459 2192 teneatur,
483 2139 571 2196 saepe
595 2119 729 2196 epitheto
750 2124 831 2178 oerta
854 2119 923 2178 sede
946 2137 1046 2178 oarere
1069 2119 1173 2195 videri,
1197 2124 1277 2202 quod
1302 2145 1363 2184 non

312 2241 430 2298 semper
457 2223 490 2280 in
521 2222 624 2283 oedem
652 2223 788 2282 redeunt.
825 2223 876 2281 eed
904 2222 1047 2282 videntur
1075 2227 1299 2286 tantummodo:
1330 2247 1364 2287 re

216 2381 218 2386 ,
311 2343 384 2386 vera
413 2326 575 2400 legitimam
603 2332 638 2386 nt
659 2327 702 2385 ita
725 2325 821 2386 dinam
845 2327 945 2385 aedem
966 2327 1159 2406 relinquunt,
1192 2330 1272 2408 quod
1303 2331 1363 2390 alia

311 2431 404 2488 verba
425 2430 548 2488 eandem
571 2430 732 2506 postulant.
768 2429 872 2509 quodsi
890 2429 956 2509 quie
971 2429 1127 2489 Sohmidtii
1145 2432 1265 2506 egregio
1282 2433 1359 2493 libro

313 2531 431 2606 singula
459 2533 690 2613 perquisiverit‚
722 2533 894 2610 saepissime
924 2532 1063 2592 stabilem
1087 2536 1271 2614 quorundam
1294 2559 1361 2599 ver·

311 2637 416 2694 borum
440 2636 666 2697 collocationem
688 2637 776 2696 faoile
799 2637 890 2696 statui
913 2637 1040 2698 oonfido.

800 2888 872 2956 111.

398 3049 601 3108 Posteriorum
631 3048 783 3124 epicorum
809 3046 970 3105 diationem
1001 3065 1067 3104 oum
1089 3046 1249 3106 Homerica
1280 3068 1359 3108 oom-

312 3153 430 3230 paranti
463 3171 529 3210 oum
558 3150 625 3209 aliie
654 3149 754 3208 multis
777 3149 808 3206 in
832 3150 920 3208 rebus
944 3149 1117 3208 dieorimina
1138 3153 1202 3209 tum
1225 3151 1360 3212 diversus

312 3255 515 3331 epithetorum
545 3274 615 3312 usna
646 3258 779 3329 apparet.
825 3272 1037 3330 saepenumero
1066 3252 1147 3312 enim
1175 3254 1295 3329 aooidit,
1327 3261 1361 3316 ut

312 3358 447 3434 epitheta
475 3359 506 3417 in
529 3355 697 3416 Homerioie
729 3355 909 3414 carminibus
938 3355 1110 3414 hominibus
1139 3356 1234 3416 solum
1264 3357 1360 3418 indita

313 3463 349 3520 ab
371 3461 433 3521 illie
455 3461 545 3521 etiam
567 3462 656 3520 rebue
680 3458 895 3534 adiungantur,
929 3478 1003 3538 quae
1032 3459 1096 3518 illio
1124 3478 1192 3519 raro
1215 3480 1360 3538 usurpan-

382 3700 407 3764 1)
425 3699 450 3750 Σ
469 3702 526 3759 592,
546 3695 569 3748 Υ
588 3700 646 3760 207,
665 3699 690 3745 h.
708 3698 721 3744 1
741 3700 798 3747 101.

382 3789 408 3848 2)
427 3783 452 3834 Σ
470 3787 529 3834 4ολ,

381 3869 407 3938 3)
425 3864 637 3934 καλλιπλοκάμοιο
661 3885 678 3919 κ
697 3869 745 3918 220
764 3873 789 3917 et
807 3871 857 3918 310
881 3869 907 3915 in
932 3868 994 3928 fine,
1022 3861 1042 3921 Ξ
1061 3868 1110 3916 326
1136 3859 1360 3932 (καλλιπλοκάμοιο

311 3951 429 4022 άνάοοης
439 3955 454 4021 ί)
472 3957 530 4003 inde
548 3961 675 4014 remotum,
694 3955 751 4015 quia
763 3969 813 4002 vox
826 3953 971 4001 bacchiaoae
983 3967 1113 4001 mensurae
1126 3954 1244 4012 seqnitur.
1272 3954 1360 4003 similis

312 4059 386 4092 causa
409 4043 469 4089 mihi
496 4043 593 4090 videtur
620 4055 689 4099 osse,
714 4055 769 4088 oum
794 4035 894 4090 ἑκάτοιο
913 4039 958 4089 8ies
975 4054 1074 4088 versum
1091 4041 1180 4086 finiens
1198 4040 1222 4086 h.
1240 4039 1252 4086 1
1271 4042 1310 4099 63,
1330 4044 1364 4090 90

311 4143 373 4178 vooe
397 4118 504 4185 ἄνακτος
526 4127 584 4176 inde
607 4125 753 4188 emollitum
779 4139 837 4173 nam
861 4139 933 4174 ansus
950 4123 1058 4172 nominis
1075 4117 1140 4185 ἅναξ
1162 4125 1307 4185 plerumque
1324 4127 1360 4174 ita

311 4219 444 4274 ponuntur.
472 4207 563 4264 ἐνάτου
580 4213 605 4260 h.
623 4213 649 4260 11
667 4214 700 4263 θλ
718 4217 775 4273 poet
791 4212 823 4260 11.
842 4211 909 4260 arsin
927 4210 1033 4272 positum
1051 4211 1158 4272 disparis
1176 4211 1249 4259 metri
1272 4215 1317 4260 eet.

380 4299 407 4364 ι)
426 4295 452 4347 n
472 4300 512 4358 οο,
531 4299 589 4358 seo,
608 4295 630 4347 P
650 4298 707 4346 ιοι.
