3192 4974
723 425 913 492 „g-

157 598 256 665 ἒλίκωψ
294 595 385 656 etiem
407 595 517 656 clauim
539 596 626 656 nobis
648 596 778 656 elucebit
805 594 950 655 formulae
979 591 1125 664 ἑλίκωπας
1145 585 1280 672 Ἀχαιούς
1309 599 1340 654 et

172 697 245 770 ἥρως
293 690 396 776 ἥρωας
417 690 553 774 Ἀχαιούς
575 698 825 774 comparantibus.
862 717 960 777 neque
983 697 1062 756 enim
1084 699 1121 756 ob
1144 702 1271 756 metrum
1293 718 1340 756 so·

292 799 355 859 lum
376 799 471 858 ultera
492 821 545 876 pro
569 801 663 858 altera
685 800 824 877 ponitur,
848 801 1044 876 sed.pr0rsus
1066 799 1233 874 promiscue
1254 819 1340 858 usur-

292 908 416 980 pantur:
450 904 492 960 M
508 907 582 974 lec,
619 902 741 974 0230,
777 903 857 959 Tel
879 929 923 952 =
944 922 963 957 a
983 901 1043 960 272
1067 897 1213 970 ἑλίκωπας
1241 901 1340 960 dicere
1390 962 1393 966 ,

291 1003 380 1062 licuit
399 1023 455 1082 pro
477 997 579 1080 ἥρωας
601 1010 633 1062 ct
648 1003 680 1060 Ω
698 1008 759 1062 402
782 996 878 1079 ἥρωες
899 1023 954 1080 pro
977 999 1126 1074 ἑλίκωπες,
1149 1003 1291 1082 quoniam
1306 1003 1338 1062 in

293 1108 430 1166 omnibus
463 1106 511 1164 his
542 1106 678 1165 versibus
711 1105 801 1179 longa
830 1105 946 1181 syllaba
979 1105 1011 1162 in
1043 1091 1204 1164 consonam
1236 1105 1340 1164 exiens

292 1208 461 1282 antecedit,
484 1207 646 1288 eademque
669 1209 705 1266 de
728 1225 816 1264 causa
837 1207 914 1264 nihil
936 1205 1106 1285 probibuit,
1128 1226 1166 1264 ne
1188 1228 1207 1264 ιι
1227 1212 1284 1265 138
1306 1207 1339 1265 in

290 1300 463 1386 Ὑπερίονος
492 1299 633 1380 Ἠελίοιο,
665 1331 684 1366 a
709 1314 727 1368 8
757 1309 789 1366 in
819 1301 1043 1386 φαεσιμβρότου
1071 1300 1204 1366 Ἠελίοιο
1235 1329 1339 1370 vorsus

251 1420 260 1430 ”
291 1411 439 1472 finiretur.
682 1401 685 1408 ’

377 1513 514 1594 Denique
536 1532 631 1590 peuce
653 1515 689 1572 de
711 1513 796 1572 biatu
818 1514 952 1573 addenda
978 1519 1056 1574 snut.
1101 1533 1190 1594 quem
1212 1495 1244 1574 (ί.
1261 1517 1298 1573 Α.
1314 1515 1339 1574 1.

291 1615 491 1674 Hoffmannus
503 1613 530 1692 ¹)
561 1616 687 1675 vitatum
719 1635 783 1674 esse
814 1617 946 1674 ostendit
978 1622 1047 1694 post
1076 1616 1207 1694 priorem
1238 1616 1337 1674 thesin

292 1718 375 1776 tertii
405 1717 505 1796 podis,
537 1707 610 1776 ‘tum
640 1718 665 1776 si
691 1718 723 1775 in
746 1718 822 1794 pede
850 1718 940 1776 tertio
970 1737 1092 1777 caesura
1122 1723 1168 1776 est
1197 1719 1337 1792 mascula,

292 1824 356 1879 tum
378 1820 403 1877 si
431 1819 464 1877 in
487 1820 562 1896 pede
586 1827 691 1898 quarto
724 1826 792 1898 post
822 1820 903 1878 arsin
934 1820 1066 1878 ciusdem
1097 1821 1265 1879 sententiae
1293 1827 1339 1880 est

291 1921 495 1998 interpunctio
525 1913 636 1994 maior'‚
668 1923 774 1980 deindo
804 1927 874 1980 ante
897 1923 1034 2004 quintum
1063 1922 1185 1999 podem,
1220 1923 1245 1980 si
1276 1913 1338 1981 ‘unt

291 2024 380 2100 plane
403 2023 511 2082 omissa
533 2027 579 2082 est
601 2023 858 2101 semiseptenaria,
881 2031 946 2098 ant,
970 2025 995 2082 si
1018 2033 1064 2082 est
1086 2023 1338 2101 semiseptenaria,

291 2144 413 2185 caesura
437 2123 572 2184 bucolica
593 2125 715 2183 maioris
737 2131 783 2184 est
805 2126 947 2184 momenti
970 2145 1058 2205 quam
1082 2125 1160 2204 quod
1184 2133 1230 2184 est
1251 2126 1338 2185 semi·

290 2219 502 2304 septenariue'.
535 2227 688 2285 videamus
709 2227 817 2302 igitur,.
834 2247 904 2285 num
925 2229 1004 2286 forte
1027 2248 1065 2286 ex
1081 2227 1225 2305 exemplis
1248 2248 1339 2304 supra

290 2330 389 2390 allatis
411 2334 516 2405 poetas
538 2349 597 2387 non
614 2329 671 2388 nisi
692 2331 870 2388 necessitato
886 2335 1004 2389 coactos
1027 2330 1063 2388 ad
1085 2331 1164 2388 hanc
1185 2329 1337 2390 licentium

290 2432 467 2506 confugisse,
489 2431 663 2510 ceteroquin
686 2451 750 2490 eam
772 2437 946 2510 aspernatos
969 2453 1034 2491 esse
1056 2431 1181 2492 eluceat.
1210 2433 1289 2512 quod
1304 2452 1337 2491 rs

290 2553 362 2595 vcra
383 2535 427 2592 ita
450 2553 481 2591 se
503 2533 605 2592 habet.
649 2553 718 2592 nam
739 2535 793 2593 vix
816 2533 904 2592 aliter
926 2534 1077 2610 explicere
1105 2533 1233 2610 poteris,
1265 2554 1338 2614 quo·

292 2636 379 2694 modo
402 2635 470 2710 fist,
494 2640 529 2694 ut
555 2639 612 2694 110
635 2635 707 2694 lcois
729 2636 761 2693 in
784 2636 843 2694 ΠΙ.
867 2637 958 2713 pede,
991 2633 1071 2713 53²)
1094 2640 1163 2695 ante
1186 2655 1337 2695 caesuram

290 2737 456 2796 bucolicum
489 2742 595 2816 poetae
629 2757 664 2796 ea
695 2756 771 2818 quae
802 2757 820 2796 a
850 2757 981 2796 consona
1013 2738 1162 2816 incipiunt
1193 2738 1338 2796 attributa

291 2839 490 2915 praetulerint
512 2846 542 2898 et
563 2859 623 2898 uno
646 2845 763 2898 tantum
785 2839 849 2898 loco
872 2839 988 2898 hiatum
1010 2841 1062 2898 ubi
1079 2840 1177 2901 vitare
1199 2843 1338 2915 poterunt

292 2942 476 3014 admiserint,
488 2943 626 3020 hymu.V
637 2947 689 3000 54:
706 2935 862 3018 Δημήτηρ,
875 2932 1024 3018 οίρηφόρε,
1038 2935 1224 3024 ἆγλαόδωρεΙ.
1247 2941 1338 2999 etiam

291 3046 348 3104 bau
362 3045 456 3120 igitur
471 3045 587 3103 ratione
603 3045 745 3122 sequitur,
769 3046 847 3124 quod
871 3063 962 3120 supra
983 3045 1120 3116 vidimus,
1142 3044 1174 3102 in
1198 3043 1338 3120 epithetis

291 3145 437 3219 eligendis
452 3166 503 3206 eos
517 3147 555 3206 ad
569 3147 707 3206 metricas
729 3146 810 3222 leges
833 3149 927 3222 magis
950 3167 1014 3206 sese
1036 3146 1233 3224 applicavisse
1249 3164 1337 3224 quam

292 3248 467 3324 sententiae.

376 3351 460 3410 Idem
490 3350 569 3408 cadit
598 3350 630 3407 in
660 3369 696 3408 ea
718 3350 852 3426 epitheta
883 3370 959 3432 quae
988 3370 1024 3410 ea
1045 3351 1109 3409 sola
1130 3371 1163 3409 ro
1186 3349 1335 3423 differunt,

291 3453 475 3512 utultcrum
497 3452 591 3512 altero
613 3471 673 3510 una
695 3472 778 3511 mora
800 3452 918 3528 longius
941 3455 989 3513 sit.
1019 3453 1051 3511 in
1067 3452 1219 3512 nonnullis
1235 3471 1337 3510 eornm

291 3555 450 3632 discrimen
480 3555 707 3630 significationis
736 3554 902 3630 tantillum,
934 3556 1006 3635 quin
1030 3555 1120 3614 etiem
1148 3554 1263 3613 nullum
1285 3573 1337 3635 ap·

290 3637 390 3732 paret,
422 3663 456 3716 ut
478 3657 627 3716 neminem
650 3677 689 3716 ex
711 3657 860 3716 sententie
891 3677 1009 3717 causum
1032 3657 1168 3718 variandi
1191 3657 1336 3733 ropetitu-

147 3769 271 3842 ἑκηβόλος
290 3779 357 3818 rum
380 3779 444 3818 esse
467 3760 592 3820 eredum.
616 3777 685 3817 nam
709 3759 780 3838 quid
802 3758 935 3832 interest,
958 3766 1059 3818 utrum
1077 3759 1248 3836 Apollinem
1270 3755 1335 3833 ἕκη-

145 3872 270 3942 ὲκαιηβό-
290 3855 381 3937 βόλον
413 3879 451 3920 an
474 3841 654 3938 ἓκαιῂβόλον
676 3859 828 3938 appelles?
859 3862 909 3920 sed
938 3861 1022 3934 vido,
1053 3867 1160 3940 poetae
1190 3855 1336 3940 quomodo

185 3944 227 4002 λος
290 3963 339 4022 his
361 3963 475 4021 duabus
497 3963 601 4022 formis
623 3963 668 4021 usi
692 3963 767 4021 sint:
800 3982 868 4022 ecoe
895 3963 1066 4037 intelleges,
1097 3963 1168 4044 quid
1191 3961 1336 4023 commodi

360 4115 384 4180 1)
402 4106 568 4176 ‘quaestiones
585 4107 748 4176 Homericae'‚
767 4115 934 4162 Clausthaliae
953 4115 1095 4173 istu-48,
1113 4117 1126 4162 1
1143 4130 1168 4175 p.
1182 4115 1223 4174 88,
1242 4114 1283 4162 90.

359 4203 385 4262 2)
404 4201 533 4248 omittendi
550 4206 621 4249 erant
639 4202 657 4250 Δ
678 4203 736 4260 419,
756 4197 777 4250 Β
794 4202 853 4260 478,
872 4199 895 4250 Δ
916 4201 973 4262 sm,
991 4202 1077 4262 1385,
1097 4216 1117 4252 ω
1131 4205 1171 4262 14,
1190 4201 1273 4278 hymn.
1286 4199 1336 4249 ΧΠ

291 4287 314 4346 b,
332 4285 443 4334 XXXIV
460 4289 484 4334 4.
