3180 4978
734 420 948 491 ...50-

318 599 347 656 Ε
369 599 446 672 617,
470 597 506 656 Η
525 597 601 676 187,
623 599 747 670 Λ496,
774 596 892 670 0419,
917 593 1035 674 Ρ884)
1064 616 1125 656 non
1157 595 1364 660 Telamonium

316 701 475 775 nominari,
497 703 550 761 sed
573 699 652 762 Oilei
674 699 772 760 filium
794 699 875 760 vidit
890 697 1146 777 Pappenhaimius
1161 702 1197 779 Ι).
1221 702 1274 761 sed
1297 705 1364 762 aub-

316 803 402 864 tilius
423 823 456 864 re
480 803 667 864 oonsiderata
696 801 810 861 iniuria
838 803 1022 878 haepropter
1054 821 1123 861 eum
1151 800 1184 860 iu
1216 801 1271 862 illo
1299 805 1364 865 leoo

316 905 450 966 haesisse
472 910 605 984 apparet
649 925 748 985 neque
771 904 853 963 enim
875 901 1018 978 φαίδιμος
1040 903 1196 982 proprium
1227 911 1275 965 est
1297 906 1366 966 Aia-

317 1009 359 1069 eis
382 1007 579 1080 attributum,
601 1008 653 1067 aed
674 1007 771 1066 multo
795 1006 915 1084 saepius
937 1007 1027 1066 detur
1047 1005 1189 1079 Heotori,
1211 1013 1367 1084 praeterae

318 1111 431 1171 Achilli
453 1115 484 1170 et
505 1109 591 1170 Ulixi
612 1108 827 1189 nonnullisque
849 1108 917 1168 aliis
939 1109 1002 1182 ita,
1023 1113 1059 1168 ut
1081 1108 1118 1167 ad
1139 1108 1235 1186 petris
1257 1131 1366 1170 nomen

317 1211 461 1289 φαίδιμος
482 1206 549 1281 οἶός
572 1213 669 1282 (velut
688 1202 872 1287 Ἱππολόχοιο
890 1256 896 1269 .
915 1254 920 1267 .
939 1208 1106 1285 ,φαίδιμος
1129 1203 1207 1289 οἰός)
1230 1213 1364 1274 addatur.

318 1315 396 1375 Aiax
426 1314 521 1390 igitur
544 1312 736 1373 Telamonius
770 1318 895 1373 ornatur
916 1313 1122 1372 tantummodo
1150 1314 1209 1374 hoa
1230 1314 1366 1392 epitheto

315 1423 351 1478 ut
373 1417 446 1478 alibi
467 1415 612 1496 epithetis
635 1406 821 1494 μεγαλήτωρ,
852 1414 990 1493 δαΐφρων
1021 1414 1106 1488 sim,
1135 1435 1196 1474 non
1227 1419 1265 1476 ab
1288 1417 1367 1478 Oilei

316 1519 379 1579 fflio
402 1518 593 1578 disternitur.
636 1520 694 1577 hoo
717 1536 751 1577 eo
781 1517 992 1591 confirmatur,
1022 1518 1102 1597 quod
1130 1538 1286 1598 nunquam
1307 1519 1367 1579 nisi

315 1621 496 1684 breviante
523 1620 585 1680 iam
616 1624 864 1680 commemoretur
893 1619 937 1678 ita
967 1621 1145 1696 appelletur.
1198 1621 1261 1680 iem
1293 1643 1365 1684 vero

317 1723 397 1784 Oilei
418 1723 499 1784 filius
520 1721 697 1802 plerumque
719 1743 779 1781 una
801 1741 869 1782 eum
883 1721 1056 1782 'telamonio
1077 1722 1197 1808 prodit:
1220 1723 1366 1804 sequitur,

315 1831 351 1887 ut
371 1846 440 1886 raro
462 1827 520 1886 hoe
542 1825 720 1885 attributum
751 1824 887 1900 aoeipera
909 1823 1024 1904 possit,
1056 1825 1136 1904 quod
1166 1830 1232 1885 tum
1265 1825 1366 1902 potius

317 1929 409 2004 aliud,
432 1948 489 2009 quo
513 1930 550 1989 ab
573 1929 668 1987 altero
691 1927 884 2003 seiungatur,
916 1931 996 1987 esset
1017 1927 1195 1990 addendum.
1240 1927 1368 2004 exiguus

315 2033 450 2092 looorum
472 2051 614 2090 numerus
637 2029 728 2090 etiam
750 2049 786 2090 eo
807 2028 973 2102 minuitur,
998 2030 1091 2108 quod,
1115 2029 1280 2110 siquando
1302 2031 1368 2090 aius

317 2133 410 2193 solius
432 2132 546 2193 mentio
568 2133 620 2206 fit,
653 2131 755 2191 statim
777 2151 882 2191 mrsus
906 2130 1069 2192 evaneseit.
1112 2131 1217 2213 itaque
1239 2152 1307 2192 oum
1329 2153 1367 2192 ne

315 2235 368 2296 hio
389 2235 510 2315 quidem
533 2231 677 2308 φαίδιμος
707 2233 769 2294 diei
790 2233 902 2311 possit,
933 2235 999 2293 loeo
1030 2233 1103 2293 libri
1139 2236 1169 2292 Ψ
1191 2243 1317 2310 excepto
1348 2240 1366 2292 3

317 2358 370 2398 seu
384 2337 493 2416 potius,
517 2356 584 2398 oum
606 2337 666 2396 διιο
690 2341 865 2412 oongruant,
890 2340 1048 2409 treatant,
1072 2336 1181 2416 quibus
1202 2339 1261 2396 hoo
1282 2336 1368 2396 attri-

317 2444 424 2500 butum
447 2439 476 2501 ei
497 2439 602 2499 indere
624 2439 730 2513 liouit,
754 2435 782 2502 Ξ
801 2443 879 2512 446,
902 2439 955 2498 ubi
977 2439 1037 2498 iam
1060 2431 1252 2516 δουρικλυτός
1273 2439 1368 2498 nomi·

316 2548 414 2616 natur,
438 2547 469 2602 et
493 2543 528 2600 N
545 2547 605 2601 695
628 2567 672 2592 ---
692 2541 718 2598 O
735 2545 806 2601 334.
849 2563 922 2601 num
945 2540 1013 2621 quis
1036 2546 1137 2600 autem
1158 2540 1219 2600 iam
1241 2542 1368 2602 miratus

317 2650 371 2720 est,
394 2646 475 2726 qnod
496 2645 589 2705 semel
611 2649 728 2704 tentum
751 2644 932 2704 attributum
955 2638 1147 2720 δουρικλυτός
1169 2643 1305 2722 aeoepit?
1323 2651 1370 2702 ¹at

316 2768 377 2806 non
399 2747 494 2823 magis
517 2753 672 2826 suspeotua
695 2752 741 2808 est
764 2745 925 2822 singularis
947 2745 1031 2807 roois
1054 2743 1197 2820 φαίδιμος
1219 2767 1300 2807 usus.

401 2853 445 2908 At
466 2855 537 2910 sunt
559 2850 650 2910 etiam
680 2849 748 2923 looi,
772 2847 881 2928 quibus
904 2868 959 2926 per
981 2868 1013 2907 se
1035 2846 1176 2908 attributi
1196 2868 1268 2908 usus
1290 2847 1370 2908 nihil

317 2953 428 3012 habeat
449 2952 581 3027 molesti,
603 2953 655 3012 sed
677 2952 745 3012 aliis
768 2951 937 3012 rationibus
961 2973 979 3010 a
1000 2951 1111 3010 tradito
1134 2971 1216 3011 more
1238 2952 1369 3011 reoedat.

180 3054 293 3120 εὐρύοπα
317 3055 508 3114 notissimum
523 3056 695 3132 exemplum
718 3059 765 3114 eet
780 3054 858 3114 illud
881 3047 1015 3132 εὐρύοπα
1035 3055 1097 3128 Ζῆν
1122 3051 1234 3124 Θ206,
1258 3048 1286 3116 Ξ
1298 3057 1369 3126 865,
1512 3128 1516 3134 ¹

208 3127 262 3194 Zp
319 3155 351 3213 Ω
375 3162 448 3230 331,
469 3157 541 3217 Hes.
564 3158 619 3218 Th.
645 3162 705 3216 884
732 3159 861 3231 lectum,
895 3157 975 3236 quod
999 3155 1112 3235 optime
1133 3175 1214 3216 nuno
1236 3157 1369 3234 expliea-
1397 3197 1398 3202 κ

317 3258 365 3320 vit
385 3259 581 3319 Hinriehsius
610 3259 643 3318 in
666 3259 804 3334 egregiae
827 3258 1065 3332 dissertationis,
1096 3277 1185 3338 quam
1212 3257 1370 3334 inseripsit

316 3353 363 3421 ‘de
383 3361 565 3421 Homerioae
588 3361 767 3422 elocutionis
790 3361 930 3436 vestigiis
952 3360 1104 3435 Aeolieie’,
1128 3358 1145 3439 ᾖ
1164 3365 1211 3434 18,
1230 3365 1277 3420 10.
1302 3361 1369 3420 'du-

319 3463 440 3541 plioiter
466 3463 500 3522 in
521 3465 580 3524 hoe
602 3469 708 3544 poetas
731 3463 879 3525 erravisse
912 3463 1100 3542 suspioatur:
1129 3463 1277 3540 primum,
1301 3482 1369 3522 eum

318 3560 454 3642 εὐρύοπα
476 3567 681 3629 aeeusativum
702 3566 992 3645 interpretarentur,
1014 3565 1123 3627 deinde
1145 3585 1213 3624 eum
1235 3585 1253 3623 a
1273 3563 1370 3626 nomi-

317 3669 423 3730 nativo
449 3663 525 3738 Ζεύς
545 3669 718 3730 inauditum
734 3668 943 3730 accusativum
968 3667 1044 3726 Ζεῦν
1067 3703 1106 3712 -
1123 3687 1193 3726 nam
1214 3665 1259 3726 ita
1279 3665 1369 3725 initio

317 3773 376 3831 hoe
397 3772 524 3831 verbum
547 3771 700 3846 sonuisse,
729 3792 791 3830 non
817 3773 881 3847 Ζῆν
911 3805 953 3816 -
975 3774 1071 3830 metro
1094 3769 1190 3830 ooaeti
1211 3768 1370 3843 fingerent.

318 3872 412 3933 simili
434 3873 634 3952 explieatione
655 3875 737 3934 haud
759 3873 893 3934 alienum
927 3873 967 3933 sit
995 3873 1028 3931 in
1057 3873 1174 3933 duobus
1204 3869 1273 3930 aliis
1294 3869 1370 3930 loeis

183 3971 284 4045 δγοθδς
317 3975 373 4051 uti,
398 3977 427 4032 K
442 3981 502 4035 559
519 3995 563 4057 sq.
587 3967 651 4055 (τδν
673 3972 707 4034 δέ
729 3991 783 4048 σφι
807 3967 906 4036 ἄνακτ’
930 3967 1050 4055 αἰμαθδς
1065 3968 1231 4052 ΔιομήδηςΙ
1255 3968 1369 4050 ἔκτανε)

318 4082 349 4138 et
378 4080 406 4137 A
432 4083 487 4138 181
519 4071 588 4157 (orie
619 4079 733 4162 κεινῇσι
765 4075 879 4152 νέεσσι,
913 4069 1010 4137 λιποδν
1041 4069 1159 4158 δμαθδν
1189 4073 1370 4156 Μενέλαον).

387 4301 412 4365 1)
430 4301 554 4360 Philolog.
573 4301 655 4362 suppl.
674 4301 699 4347 11
717 4314 742 4360 p.
755 4301 798 4348 ll.
