3192 4974
674 408 888 484 453-

258 609 312 657 νοις
330 581 471 664 Ἀχαιούς
494 608 548 664 pro
571 579 629 646 λίπ’
652 581 834 664 ἐυκνήμιδας
852 583 1004 666 Ἀχαιούς)
1037 595 1069 650 et
1090 593 1121 647 A
1144 598 1205 651 694
1229 583 1308 658 (ὖττε-

258 687 456 765 ρηφονέοντες
477 681 589 747 Ἐπειοὶ
611 689 818 767 χαλκοχίτωνες
840 712 895 770 pro
913 685 1088 766 ἐυκνήμιδες
1106 689 1245 766 Ἐπειοί).
1269 728 1309 738 -

257 792 386 872 denique
409 814 502 852 unum
519 813 716 853 commemoro
740 793 891 868 singulsre
915 795 1095 854 attributum
1118 816 1157 854 ex
1171 796 1311 870 snslogis

258 894 336 954 elius
360 894 515 954 sollemnis
531 894 739 980 compositum.
771 900 876 954 suetos
891 895 996 973 hymni
1010 895 1124 954 XXXI
1146 917 1214 956 oum
1228 919 1273 959 vs.
1291 904 1309 954 6

256 998 406 1056 Auroram
429 989 650 1071 ῥοδοδάκτυλον
676 997 709 1055 in
732 991 904 1073 ῥοδόπηχυν
926 1002 1071 1071 mutaret,
1094 998 1308 1060 usitatissimae
1318 1001 1462 1072 ῥοδόπηχυς

255 1097 341 1157 illius
363 1098 446 1158 voois
475 1098 538 1158 vim
568 1119 629 1158 non
651 1098 711 1157 ism
735 1099 864 1160 sensisse
886 1100 1017 1160 videtur.
1061 1119 1138 1180 quse
1160 1103 1308 1181 quomodo

255 1200 461 1274 intellegenda
489 1199 541 1271 sit,
575 1199 661 1260 vides
684 1221 723 1260 ex
746 1201 873 1262 Greveri
902 1193 1001 1262 ‘Reise
1023 1201 1057 1260 in
1079 1202 1309 1263 Grieohenlsnd'

256 1323 287 1380 p.
311 1307 388 1361 224:
403 1293 470 1360 Ἕν
501 1301 607 1377 seigen
640 1303 705 1362 sioh
734 1304 814 1362 nsoh
842 1305 910 1362 dem
933 1303 1128 1378 Untergsnge
1160 1306 1224 1364 und
1253 1326 1309 1366 vor

255 1405 324 1464 dem
346 1405 503 1478 Aufgsnge
531 1406 586 1463 der
608 1405 707 1464 Sonno
738 1410 755 1463 5
779 1405 949 1465 blessrothe
976 1405 1211 1483 perpendiculis·
1238 1426 1309 1467 vom

258 1505 410 1568 Horizont
430 1506 637 1582 uufsteigsnde
660 1507 800 1567 Streifen’
812 1503 851 1586 ²).
1104 1516 1106 1519 ’

341 1607 457 1673 Quibus
480 1608 627 1687 expositis
669 1607 703 1668 iu
725 1609 806 1689 quod
826 1608 916 1669 initio
939 1609 1030 1668 huius
1053 1607 1161 1684 ospitis
1185 1612 1309 1668 eonten-

257 1711 359 1771 dersm
383 1710 553 1770 confirmari
575 1711 706 1772 videtur.
750 1711 786 1771 fit
807 1732 840 1772 re
862 1733 936 1774 vers
956 1712 1020 1770 fere
1042 1732 1101 1771 non
1125 1709 1185 1768 nisi
1207 1709 1243 1769 in*
1261 1730 1309 1770 re-

258 1811 442 1872 centioribus
464 1813 610 1891 pertibus,
632 1818 668 1874 ut
690 1819 797 1892 poetes
818 1809 964 1873 trudituin
986 1812 1019 1872 in
1039 1811 1183 1891 epithetis
1198 1813 1308 1871 adden·

256 1912 302 1972 dis
325 1933 438 1974 morem
459 1917 589 1974 laedant.
632 1917 818 1976 haerendum
839 1915 935 1991 igitur
957 1920 1085 1975 estnon
1100 1915 1187 1974 modo
1209 1913 1243 1974 in
1266 1914 1309 1974 eis

257 2015 428 2090 attributis,
461 2036 538 2096 quse
561 2037 628 2077 oum
650 2019 730 2096 apud
751 2018 934 2096 posteriores
962 2017 1074 2078 usitate
1097 2015 1159 2079 sint
1189 2015 1223 2076 in
1246 2017 1309 2080 Ho-

257 2137 339 2178 mero
356 2118 483 2193 singulis
498 2123 616 2178 tuntum
631 2119 705 2179 loeis
720 2125 895 2200 sppssesnt,
919 2121 971 2180 sed
986 2119 1079 2179 etism
1099 2118 1133 2178 in
1156 2117 1209 2192 sis,
1232 2137 1309 2197 quse

256 2241 311 2300 per
333 2241 364 2280 se
389 2224 492 2281 orsbro
515 2227 715 2300 usurpentur,
738 2223 791 2282 sed
812 2226 865 2281 eut
888 2221 1157 2301 oum2quibusdsm
1178 2217 1309 2280 nomini·

255 2325 312 2382 bus
334 2323 399 2383 sine
423 2343 512 2383 oeuse
532 2343 602 2383 sero
626 2324 805 2403 copulentur
830 2329 883 2383 sut
905 2323 972 2383 aliis
993 2322 1163 2383 rationibus
1186 2322 1223 2380 sb
1246 2320 1308 2379 Ho-

254 2424 366 2485 merioo
387 2425 534 2505 loquendi
554 2445 637 2485 mors
660 2425 851 2506 aliquatenus
872 2425 1025 2486 resedent.

324 2625 350 2694 8)
368 2628 398 2675 of.
412 2628 581 2676 Doederleinii
595 2625 678 2676 Gloss.
697 2643 721 2675 n.
735 2629 810 2687 203⁸,
828 2627 958 2675 Krsemert
975 2620 1146 2676 ‘Homerisohe
1161 2617 1305 2674 Beiwo'rter'

256 2727 281 2773 p.
300 2715 323 2762 6.

669 3263 675 3274 ’
690 3277 869 3336 Audendo.

253 3426 278 3473 p.
317 3414 390 3460 svs.
411 3412 442 3458 16
461 3413 518 3458 ente
544 3405 676 3473 διάκτορος
699 3409 777 3458 eddo:
808 3403 980 3474 (βαρύκτυπος
996 3433 1031 3445 -
1048 3403 1182 3471 &pissime
1210 3400 1303 3456 ἐννοσί-

577 3493 673 3560 γαιοςΙ,
691 3495 764 3556 Hes.)

349 3594 388 3627 vs.
406 3582 439 3628 26
457 3584 514 3627 snts
531 3575 656 3636 ἑλίκωπες
673 3579 751 3626 sude:
770 3573 879 3642 μητίετα
892 3603 925 3612 -
943 3571 1056 3642 εδρύοττο
1073 3572 1171 3644 Zeten

252 3682 279 3729 p.
297 3665 330 3714 36
347 3680 384 3712 τι.
406 3666 438 3714 ut
455 3669 512 3712 ente
529 3665 568 3712 his
585 3664 663 3712 addet
681 3663 742 3710 XIV
759 3665 773 3710 2
792 3653 884 3729 (ὕμνοι,
903 3659 996 3713 Μοῦσα
1008 3659 1098 3728 λίγεια,
1116 3656 1177 3720 Διὸς
1188 3652 1303 3725 θυγάτηρ

577 3743 716 3815 μεγάλοιο).

676 4020 879 4031 --—-—---
