3192 4974
644 398 856 475 —221-

226 559 330 641 θύμου
358 563 543 650 Πηλεΐωνος)
575 569 694 647 quidem
724 570 815 628 haud.
832 571 934 649 inepte
965 571 1022 631 dici
1051 571 1149 648 potuit
1179 563 1277 640 πόδας

229 666 325 736 ώκέος
341 667 490 728 Αἰακίδαο
501 665 515 752 ),
539 677 573 730 ut
589 666 741 739 ποδώκεος
758 677 788 730 et
804 667 958 747 ἀμύμονος
974 668 1139 756 Αἰακίδαο)
1157 679 1276 750 praeter

227 764 366 830 ποδώκεα
390 781 420 830 et
437 765 576 846 ἀμύμονα
595 768 768 856 Πηλεΐωνα)
786 774 903 847 legitur.
939 775 1027 834 etiem
1050 776 1130 834 aliud
1145 776 1274 834 Achillis

228 875 406 934 attributum
428 874 655 934 usitatissimum
685 877 776 934 semel
806 877 870 935 sine
901 897 990 936 cause
1012 877 1070 936 alio
1094 878 1192 938 minus
1214 879 1274 936 usi·

225 982 287 1036 tcto
315 976 381 1036 loco
413 997 464 1035 suo
489 979 645 1054 expulsum
676 984 728 1036 est.
762 979 889 1052 legimus
913 981 942 1036 Σ
963 985 1039 1038 234:
1070 972 1141 1054 perol
1165 976 1197 1036 δέ
1219 997 1273 1050 σφι

225 1070 367 1152 ποδώκης
390 1071 477 1136 εἵπετ’
493 1071 634 1154 Ἀχιλλεύς
647 1075 662 1162 Ι,
684 1081 736 1138 ubi
761 1082 963 1141 nominativus
988 1073 1128 1156 ποδώκης
1152 1101 1273 1159 scrupu·
1296 1089 1419 1156 ποδώκης

224 1181 286 1240 lum
308 1187 416 1252 movet,
440 1181 581 1261 quonium
603 1189 758 1258 praeterea
781 1183 876 1242 solum
899 1183 931 1240 in
954 1185 1121 1244 recentiore
1143 1185 1220 1243 libro
1245 1185 1274 1240 K
1301 1221 1305 1226 -

225 1288 346 1344 veclo
371 1276 417 1350 (δς
440 1277 477 1356 δή
500 1304 546 1340 τοι
567 1274 646 1352 εἶδος
670 1280 722 1358 μὲν
745 1281 796 1360 ἓήν
819 1277 929 1354 κακός,
967 1278 1039 1345 illd
1062 1279 1212 1360 ποδώκης)
1244 1291 1274 1344 et

225 1386 297 1443 Hes.
321 1386 356 1445 fr.
372 1385 464 1444 XLII
488 1379 682 1462 (ποδωκήςῑ)
706 1379 749 1444 δῖ’
771 1377 957 1470 Ἀταλάντη)
981 1394 1095 1461 exstat,
1120 1381 1274 1464 ποδάρκης

225 1507 297 1547 vero
328 1495 357 1546 et
380 1481 534 1556 ποδώκεος
557 1496 611 1558 (α)
642 1489 836 1576 usitatissima
866 1497 944 1548 sunt.
977 1491 1079 1569 itaque
1102 1492 1272 1550 Dueutzero

224 1611 253 1666 p.
280 1593 338 1648 560
371 1583 513 1664 ποδώκης
549 1591 601 1649 illo
632 1591 696 1650 loco
727 1592 759 1650 in
790 1585 944 1669 ποδάρκης
974 1592 1122 1666 corrigere
1151 1592 1272 1669 placuit,

223 1710 300 1772 quae
323 1693 458 1770 quamvis
481 1692 556 1752 lenis
587 1694 627 1752 sit
648 1693 762 1752 medela
791 1695 865 1752 mihi
895 1699 995 1754 temen
1026 1695 1159 1754 noudum
1188 1694 1272 1752 sctis-

222 1795 302 1854 fccit.
336 1793 446 1867 legitur
469 1795 548 1854 enim
572 1788 726 1870 ποδάρκης
749 1815 902 1874 nunquam
926 1817 987 1856 non
1010 1803 1081 1863 ante
1096 1799 1188 1857 verbe
1205 1794 1272 1864 δῖος

221 1887 389 1979 Ἀχιλλεύς),
413 1917 487 1975 quae
511 1917 577 1954 cum
596 1917 760 1958 aconsona
781 1898 929 1975 incipient
950 1918 1105 1979 nunquam
1121 1898 1271 1975 dactylum

223 1999 361 2076 excipere
391 2006 532 2076 possunt,
564 2000 635 2078 quia
666 2000 780 2058 nullum
811 2001 993 2076 adjectivum
1022 2002 1055 2060 in
1086 2001 1270 2062 nominativo

222 2103 382 2178 singularis
405 2102 436 2160 in
460 2102 592 2162 vocalem
616 2102 686 2162 exit.
717 2104 780 2168 ¹ium
803 2121 873 2163 vero
896 2109 1017 2180 poetes,
1052 2103 1076 2161 si
1098 2103 1160 2162 ullo
1183 2102 1269 2162 modo

222 2203 290 2262 fieri
321 2210 452 2282 poterat,
487 2209 557 2262 cute
590 2205 626 2264 V.
655 2205 761 2280 pedem
791 2205 941 2282 dactylum
974 2207 1107 2281 posuisse
1138 2210 1270 2275 constat;

221 2305 321 2366 malim
350 2307 444 2380 igitur
474 2308 532 2364 hoc
563 2325 682 2387 quoque
711 2308 776 2368 loco
807 2327 863 2385 pro
887 2300 1026 2382 ποδώκης
1054 2313 1106 2368 sut
1127 2299 1270 2382 πελώριος

220 2414 274 2468 aut
294 2403 390 2478 πόδας
405 2402 493 2484 ταχύς
515 2409 660 2468 seribere:
683 2416 809 2469 metrum
832 2410 1005 2469 admitteret
1028 2411 1117 2469 etiem
1140 2407 1270 2482 διλφιλος

221 2510 270 2570 vel
293 2527 347 2582 σφι
369 2513 401 2570 in
417 2528 489 2582 σφιν
513 2518 626 2571 mutato
644 2505 759 2589 ἀρήιος,
784 2513 819 2572 oi.
837 2533 866 2589 p.
883 2517 920 2571 13
933 2513 972 2590 ²).
997 2546 1028 2554 -
1060 2507 1269 2588 νεφεληγερέτα
1283 2526 1424 2588 *captums-

223 2606 314 2695 Ζεύς)
338 2615 439 2674 tricies
462 2614 507 2672 bis
531 2614 692 2687 invenitur,
717 2608 745 2678 Ξ
757 2619 818 2673 298
842 2621 871 2674 et
897 2615 925 2671 Τ
939 2619 998 2674 215
1023 2615 1074 2688 ite,
1098 2619 1133 2672 ut
1154 2613 1269 2672 vocalis
1324 2589 1385 2654 δέω

219 2715 320 2776 brevis
342 2717 520 2776 antecedens
542 2716 656 2794 liquide
677 2739 694 2772 v
716 2713 905 2792 producetur,
930 2717 1028 2774 Pice
1053 2722 1120 2793 post
1143 2737 1159 2772 ν
1183 2713 1267 2788 ἐφελ-

190 2881 199 2901 ·
220 2811 369 2876 κυστικόν.
402 2839 454 2878 cur
475 2819 570 2892 igitur
592 2819 634 2876 M
646 2823 706 2876 252
721 2819 759 2893 3),
783 2817 815 2874 ,Ω
833 2823 892 2877 529
906 2819 944 2896 4).
968 2817 983 2888 ξ
1000 2824 1061 2876 268
1076 2845 1119 2868 =
1134 2839 1150 2894 ρ
1167 2819 1227 2876 437
1240 2819 1268 2896 ³)

224 2912 300 2988 Ζεδς
322 2916 567 3003 τερπικέραυνος)
599 2919 747 2980 infertur?
781 2921 895 2982 cecedit
917 2921 996 2999 quod
1019 2941 1079 2980 uno
1102 2919 1182 2992 loco,
1218 2919 1268 2978 ubi
1296 2933 1409 2996 τερπικέ-

224 3014 299 3090 Ζεδς
315 3021 542 3101 τερπικέραυνος
565 3029 763 3100 exspectatur,
784 3023 857 3102 quia
872 3018 1080 3099 νεφεληγερέτα
1100 3015 1175 3090 Ζεύς
1197 3023 1267 3100 poni
1309 3018 1398 3066 ‘’W'‘

220 3145 281 3184 non
304 3133 436 3202 poteret,
461 3133 550 3203 poete
571 3127 652 3186 eliud
675 3127 853 3186 attributum
874 3126 989 3199 fingere
1011 3125 1130 3187 maluit:
1161 3118 1268 3206 κινήσῃ

222 3219 351 3302 πυκινὴν
374 3226 537 3303 νεφέλην
561 3225 836 3308 στεροπηγερέτα
850 3228 878 3307 ⁶)
905 3218 980 3296 Ζεύς
1004 3228 1052 3306 (Π
1065 3228 1148 3305 298).
1182 3229 1431 3361 οεοδοστερὲηηγε.

221 3347 424 3358 -----
1324 3327 1384 3373 ρτα

292 3415 316 3480 1)
334 3418 364 3464 de
382 3421 484 3464 accentu
502 3417 532 3462 ef.
550 3415 627 3462 schol.
646 3416 666 3462 Β
686 3415 743 3463 764.

290 3500 316 3562 2)
334 3502 461 3550 docetote
480 3501 570 3559 prioris
588 3498 685 3549 lieni
704 3500 782 3562 partis
799 3501 878 3548 fauor
895 3500 956 3548 mihi
974 3499 1095 3546 nihildum
1112 3514 1167 3546 esse
1185 3499 1268 3558 explo-

220 3591 308 3632 ratum.
339 3589 382 3636 sed
402 3589 422 3635 si
442 3593 493 3633 tum
518 3600 603 3633 recens
627 3593 664 3633 est
682 3601 756 3645 quem
773 3586 896 3646 Bergkius
920 3585 994 3648 (Hist.
1014 3586 1061 3634 litt.
1080 3583 1122 3630 (ir.
1142 3585 1195 3644 lp.
1209 3585 1267 3642 616,

221 3674 280 3733 626,
299 3675 358 3732 ddi,
378 3669 437 3737 630)
457 3672 543 3730 credit,
562 3671 667 3720 fortusse
685 3671 774 3720 melius
791 3671 853 3718 nihil
867 3676 983 3718 mutatur.

290 3756 316 3821 3)
334 3758 456 3806 antecedit
472 3754 508 3808 δὲ.

289 3841 316 3909 4)
333 3843 457 3890 antecedit
474 3838 540 3907 δώῃ.

289 3928 315 3992 δ)
333 3936 440 3976 ceterum
457 3929 500 3988 qui
517 3929 547 3974 de
565 3927 703 3986 veriloquio
722 3927 794 3973 huius
811 3929 881 3974 vocis
899 3927 1061 3987 litigaverunt
1078 3932 1104 3974 et
1120 3926 1201 3974 sdhue
1219 3926 1268 3972 liti·

220 4019 294 4074 gent,
321 4029 372 4061 non
390 4014 450 4060 sotis
469 4013 623 4073 perspexisse
641 4012 701 4058 mihi
719 4012 849 4070 videntur,
877 4012 935 4070 quid
953 4011 990 4057 rei
1008 4011 1047 4058 sit.
1083 4024 1142 4058 num
1158 4010 1269 4070 Iuppiter

220 4101 323 4148 fulmine
339 4114 386 4146 nec
402 4091 501 4162 ἀγείρει
518 4113 564 4145 neo
582 4093 674 4162 ἐγείρει
691 4098 733 4159 (es.
751 4097 775 4146 A
797 4099 845 4145 184
864 4092 907 4162 ἔχε
925 4089 948 4147 δ’
967 4088 1110 4158 ἀστεροπὴν
1129 4090 1193 4158 μετὰ
1211 4109 1268 4160 χερ-

222 4182 279 4252 σίν).
311 4191 385 4246 poeta
410 4191 466 4246 post
489 4184 567 4232 verbe
589 4179 695 4249 πυκινήν
719 4181 826 4249 νεφέλην
851 4197 955 4244 porgere
980 4181 1059 4228 voluit
1083 4178 1269 4246 νεφεληγερέτα

221 4265 296 4332 Ζεύς,
315 4270 381 4331 quod
398 4285 453 4319 cum
472 4271 552 4318 tmere
570 4283 621 4318 non
637 4275 723 4330 posset
739 4271 792 4321 solo
810 4269 944 4318 verborum
961 4279 1023 4316 sono
1034 4267 1121 4316 ductus
1134 4265 1201 4316 uliud
1212 4281 1268 4314 ver·
