3192 4974
741 474 952 541 ..52-

160 638 437 726 χαλκοχίτωνἈχαιοὶ
459 642 551 726 (ode)
575 653 606 708 et
624 641 752 724 Ἀχαιῶν
774 641 996 724 χαλκοχιτώνων
1024 649 1169 725 legimus,
1198 649 1243 709 ita
1263 654 1373 724 tamem

325 757 361 812 ut
388 773 451 814 vox
480 749 658 827 χαλιοχίτων
686 770 841 829 nunquam
872 755 1018 829 ponatur,
1054 750 1115 812 nisi
1144 751 1198 812 -ubi
1231 748 1374 827 ἒυκνήμις

324 859 420 914 metro
442 859 608 932 repugnem
641 872 795 932 nunquam
817 853 912 928 igitur
934 853 1065 913 oeourrit
1095 849 1144 910 aui
1173 845 1284 929 Ἀχαιοὶ
1307 858 1372 929 χαλ·

324 956 496 1033 auxitanae,
520 957 573 1015 sed
595 975 713 1032 semper
734 951 784 1013 nol
809 947 982 1030 ἐυκνήμιδες
1010 947 1131 1031 Ἀχαιοί.
1174 957 1374 1018 adversantur

256 1043 263 1050 ’
324 1061 384 1119 duo
405 1058 475 1136 looi,
498 1059 552 1118 sed
572 1062 701 1138 uterque
723 1057 932 1134 reoentior¹):
967 1058 996 1114 K
1018 1059 1078 1117 net
1103 1057 1180 1136 (line
1201 1057 1372 1135 χαλκοχίτω-

328 1192 493 1260 μεταστρέψῃ
517 1189 588 1258 φίλον
613 1180 687 1256 ἦτορ)
710 1198 767 1252 post
784 1189 906 1240 librnmI
931 1185 1005 1239 ‘haud
1023 1193 1083 1240 satis
1101 1199 1158 1254 apte
1176 1189 1252 1254 fingi'.
1283 1196 1374 1241 frustra

329 1281 394 1327 hano
411 1279 603 1340 discrepantiam
621 1278 698 1325 variis
715 1279 795 1326 modis
819 1278 917 1325 solvere
935 1279 1031 1325 studui:
1056 1279 1160 1326 sortasse
1178 1279 1220 1326 alii
1238 1280 1371 1339 contingat.

328 1366 373 1413 sed
390 1365 506 1412 videntur
525 1364 644 1414 eiusmodi
662 1363 820 1410 difficultates
839 1364 936 1424 saepius
953 1364 1077 1411 tollendae
1095 1378 1165 1426 τινες
1191 1365 1304 1412 similiter
1321 1367 1373 1424 qui·

326 1451 381 1498 dem
400 1451 517 1498 Nabaros
536 1449 569 1514 (p.
587 1445 696 1510 1tosq.)
720 1449 871 1496 demonstrat
888 1445 980 1498 vasN
1002 1451 1138 1498 teo-tea
1163 1453 1298 1498 translatos
1320 1465 1374 1500 esee

326 1551 357 1582 ex
375 1534 397 1585 Θ
417 1537 567 1592 tal-334,
594 1548 649 1580 oum
674 1535 699 1580 in
724 1531 858 1584 O'l'auoer
880 1534 959 1582 levius
976 1536 1122 1582 vnlneratus
1147 1533 1227 1602 βαρέα
1246 1530 1373 1601 στενάχειν

328 1621 471 1668 etiamtum
489 1619 575 1680 possit,
595 1633 644 1666 non
662 1622 743 1665 autem
761 1619 786 1664 in
805 1615 831 1667 N
849 1619 982 1679 Hypsenor
999 1633 1043 1680 per
1061 1620 1127 1668 ieous
1146 1621 1293 1678 transfixus,
1320 1622 1337 1668 i.
1350 1636 1371 1668 e.

327 1713 442 1770 necatus3
460 1719 546 1753 rursus
564 1701 587 1754 Θ
600 1705 651 1753 540
663 1717 699 1763 sq.
719 1705 860 1764 desumptos
880 1717 934 1752 esse
952 1717 982 1750 ex
994 1699 1019 1754 N
1033 1707 1082 1753 827
1095 1721 1139 1766 sq.,
1158 1707 1223 1765 quod
1235 1707 1285 1753 illio
1296 1705 1374 1753 verba

326 1785 413 1856 ἡμέρα
430 1783 481 1855 ἥδε
498 1791 572 1838 rebus
589 1790 697 1837 narratis
714 1803 764 1836 non
783 1790 956 1849 respondeant.
987 1791 1162 1850 postulandum
1181 1793 1255 1852 igitur
1272 1796 1322 1850 est,
1347 1798 1375 1840 ut

328 1879 428 1926 tandem
454 1877 589 1936 aliquando
614 1889 677 1935 qnae
701 1875 855 1922 necessitudo
879 1875 944 1922 inter
966 1889 1066 1936 omnes,
1091 1892 1141 1923 non
1165 1877 1278 1937 singulos
1302 1879 1374 1926 modo

327 1978 416 2012 versus
432 1963 534 2010 iteratos
551 1961 688 2008 intercedat
705 1961 837 2020 diligenter
855 1965 1002 2020 quaeretur,
1020 1975 1084 2022 quaa
1102 1964 1200 2022 quidem
1217 1978 1293 2022 opera
1310 1979 1375 2012 nuno

328 2047 456 2097 Schmidtii
474 2047 556 2094 indies
573 2047 717 2093 iteratorum
733 2061 884 2106 magnopere
903 2047 986 2094 levata
1004 2051 1049 2094 est.
1069 2075 1102 2083 -—
1122 2049 1165 2096 sed
1183 2050 1256 2096 redeo
1274 2051 1307 2096 ad
1323 2051 1375 2098 Do·

326 2136 439 2192 loneam,
458 2138 485 2179 ut
502 2145 581 2192 pauoa
597 2132 628 2178 da
646 2135 725 2178 aetate
743 2131 841 2177 addam.
868 2129 1004 2180 Gemollius
1021 2133 1116 2195 (Herm.
1135 2130 1192 2199 XV)
1210 2135 1257 2182 hoo
1275 2149 1374 2182 carmen

327 2223 384 2280 post
396 2218 578 2264 Telemachiam
596 2216 759 2276 compositum
776 2229 830 2263 esse
848 2231 879 2263 ex
890 2216 1005 2265 versibus
1023 2217 1117 2266 iteratis
1135 2219 1306 2266 demonstrare
1324 2227 1374 2267 stu-

232 2321 235 2330 ·
328 2306 388 2364 duit,
406 2304 565 2364 impugnatus
583 2300 808 2360 aWilamowitnio‚
827 2301 869 2360 qni
886 2302 966 2348 solum
983 2301 1059 2350 libros
1078 2303 1158 2368 λμντ
1175 2319 1190 2351 a
1207 2311 1280 2365 poeta
1297 2307 1375 2353 Dolo-

327 2403 388 2438 neaa
405 2387 521 2448 usurpari
538 2386 678 2434 convictum
696 2401 749 2434 esse
767 2386 900 2434 arbitratur
916 2385 1097 2454 (p.231not.).
1122 2390 1166 2438 sed
1183 2405 1242 2437 vere
1261 2391 1376 2438 disseruit

329 2475 473 2532 demolitus,
497 2476 525 2519 ut
541 2471 733 2518 Wilamorritaio
755 2485 853 2531 quoque
876 2473 1058 2519 coneedendnm
1082 2478 1128 2521 ast.
1164 2475 1224 2522 dicit
1247 2475 1313 2522 enim
1336 2477 1376 2523 hio

326 2576 351 2620 p.
367 2561 417 2606 1⁶2
433 2552 485 2604 ‘hat
502 2557 570 2604 nieht
587 2556 686 2604 Gemoll
704 2556 740 2603 oft
758 2571 840 2616 genug
857 2558 905 2604 den
923 2562 975 2604 sata
993 2558 1097 2618 befolgt,
1116 2561 1173 2607 dass
1190 2561 1231 2607 ein
1244 2575 1312 2620 vers,
1331 2561 1375 2608 der

327 2644 418 2692 einmal
434 2643 460 2689 ln
478 2641 650 2689 individneller
667 2643 726 2689 rede
743 2643 893 2700 rorlrommt,
912 2643 1002 2690 einmal
1020 2644 1143 2692 rwisohan
1161 2645 1305 2705 geborgtem
1323 2649 1373 2705 gut,

327 2731 361 2776 im
386 2729 504 2776 latnteran
522 2727 583 2774 salle
606 2727 712 2787 geborgt
727 2719 793 2774 ieti’
819 2733 844 2775 at
861 2729 904 2775 vel
920 2728 967 2776 bae
984 2730 1106 2777 sententia
1128 2731 1196 2778 nisus
1215 2745 1232 2780 u
1250 2733 1283 2778 65
1300 2745 1331 2778 ar
1348 2727 1374 2779 K

326 2815 474 2862 translatum
498 2825 554 2860 esse
578 2812 717 2871 eontandit,
744 2813 811 2872 quod
829 2827 846 2862 α
864 2815 896 2861 63
914 2813 999 2860 redeat
1016 2808 1044 2862 Ω
1062 2817 1095 2862 64
1114 2816 1168 2880 [sed
1184 2821 1312 2875 praeterea
1331 2814 1375 2862 τίν·

327 2901 353 2946 in
371 2899 465 2957 Iliade,
490 2896 536 2945 5¹⁰·
553 2897 579 2944 in
597 2894 730 2960 Odyssea),
758 2913 796 2947 va.
816 2898 948 2956 insequens
967 2898 987 2948 Δ
1005 2900 1056 2946 414
1074 2905 1099 2947 et
1116 2901 1221 2961 saepius.
1249 2903 1299 2948 iam
1316 2915 1376 2948 vero

327 2981 354 3034 Κ
373 2987 422 3033 290
446 2999 478 3032 ex
501 2984 597 3041 seer,
616 2986 664 3032 291
689 2997 719 3032 ex
736 2980 762 3031 Ε
779 2983 829 3032 809
853 2984 1000 3030 translatum
1024 2999 1078 3032 asse
1103 2984 1225 3034 Gemollio
1250 2987 1375 3034 oonoedit:

328 3084 388 3130 ergo
406 3071 481 3117 etiam
497 3082 615 3118 vanuum
632 3066 658 3118 K
676 3071 813 3118 eet-294
836 3069 964 3129 propriam
988 3071 1071 3118 sedam
1087 3071 1113 3118 in
1133 3071 1197 3120 libro
1215 3087 1231 3135 γ
1249 3072 1310 3138 (vsa.
1325 3075 1375 3120 888

328 3154 424 3219 484)
454 3169 508 3204 esse
534 3155 716 3202 eoncedendum
742 3155 765 3202 ai
792 3158 837 3202 ast.
873 3155 961 3202 deinde
984 3156 1045 3204 mibi
1068 3157 1197 3216 probabile
1221 3163 1258 3206 est
1281 3155 1307 3207 K
1325 3160 1374 3208 bit

329 3235 367 3306 (ἔς
384 3230 406 3304 ῥ’
424 3231 582 3303 ἀσαμίνθους
608 3233 697 3306 βάντες
721 3235 843 3299 ἐυξέστας
866 3237 994 3306 λαέσαντα)
1017 3240 1043 3288 in
1068 3242 1145 3290 Iliade
1170 3245 1303 3302 genuinum
1326 3257 1376 3292 non

329 3339 396 3384 asse,
415 3325 458 3372 sed
476 3325 632 3384 desumptum
649 3328 692 3371 aut
710 3339 740 3372 ex
757 3325 773 3376 δ
790 3327 824 3374 te
842 3330 931 3373 auter
950 3341 963 3389 ρ
983 3327 1015 3376 et
1024 3361 1031 3388 ,
1056 3341 1086 3374 ex
1104 3327 1193 3388 quibus
1211 3329 1271 3376 loeis
1288 3327 1332 3376 ille
1348 3329 1376 3375 in

329 3409 486 3458 Telemachia
510 3410 615 3470 legitur,
641 3409 682 3457 hio
699 3410 724 3457 in
743 3411 779 3457 eis
796 3411 924 3472 partibus,
952 3425 1015 3470 quae
1033 3426 1048 3459 a
1065 3413 1255 3462 Wilamowitnio
1277 3418 1376 3462 nostrae

328 3495 456 3557 Odysseae
480 3495 638 3555 compositori
661 3495 807 3543 tribuantur.
843 3497 939 3555 siquis
961 3501 1043 3544 antem
1068 3499 1130 3560 ρ87
1155 3500 1292 3558 praeierat,
1318 3500 1376 3560 quia

328 3586 426 3642 praeter
443 3583 460 3634 δ
477 3583 510 3630 48
528 3581 660 3641 insequens
678 3595 775 3642 qnoque
793 3597 881 3630 versus
899 3583 960 3630 alibi
976 3583 1080 3630 iteratur
1097 3583 1123 3648 (δ
1136 3587 1169 3633 te
1188 3603 1221 3626 τε
1239 3580 1267 3634 Ω
1280 3587 1329 3634 tet
1341 3607 1376 3629 ε

329 3663 435 3732 batt),
453 3671 528 3728 poeta
546 3667 673 3715 Doloneae
691 3669 733 3715 vel
749 3682 765 3714 a
781 3667 839 3715 libri
857 3683 874 3718 α
891 3674 991 3716 auotore
1008 3670 1141 3731 penderat,
1167 3685 1223 3718 oum
1240 3668 1266 3720 K
1284 3673 1333 3720 158
1351 3678 1377 3720 et

330 3755 379 3800 24³
398 3751 548 3798 eontrarium
566 3753 609 3799 flat
626 3754 662 3814 (v.
680 3753 781 3800 Wilam
800 3768 824 3812 p.
839 3755 890 3814 lo).
927 3755 1043 3802 existeret
1066 3755 1141 3814 igitur
1164 3770 1249 3804 rursus
1265 3757 1311 3803 illa
1328 3758 1376 3806 dia·

328 3836 463 3896 crepantia,
482 3850 557 3896 quam
574 3839 648 3885 modo
665 3839 864 3886 commemoravi.
895 3840 1000 3899 deniqne
1017 3839 1221 3889 Wilamowitnius
1237 3843 1376 3890 Doloneam

328 3937 391 3972 ext
409 3922 520 3971 hausisse
545 3937 600 3970 eum
626 3922 749 3971 Gemollio
772 3925 907 3972 consentit:
933 3925 1024 3972 retinet
1047 3925 1123 3985 igitur
1147 3941 1202 3974 eum
1219 3927 1376 3976 Kirohhoffio

327 4023 343 4057 τ
363 4010 512 4072 lto-1³83
531 4009 574 4056 sed
592 4010 633 4069 qui
651 4010 682 4057 de
698 4009 739 4058 bis
756 4010 870 4058 versibus
888 4025 959 4058 aeone
977 4011 1093 4072 iudicant,
1112 4009 1137 4061 K
1155 4015 1205 4060 214
1223 4003 1309 4072 (ὅσσοι
1326 4007 1376 4078 γὰρ

328 4089 431 4154 νήεσσιν
449 4088 639 4156 ἐπικρατέουσιν
658 4084 767 4158 ἄριστοι)
791 4099 834 4143 aut
857 4111 888 4144 ar
906 4112 923 4146 α
942 4097 991 4145 ato
1014 4102 1057 4144 aut
1081 4111 1111 4145 ex
1127 4111 1146 4148 τε
1165 4099 1214 4146 122
1236 4097 1333 4162 (rursus
1350 4097 1377 4146 in

329 4176 508 4245 Telemachial)
527 4183 646 4228 mutatum
664 4195 718 4228 esse
736 4195 827 4242 negare
844 4197 894 4229 non
912 4186 1023 4242 possunt.

398 4262 424 4325 1)
441 4261 612 4315 Aeso-roe
631 4267 680 4314 iam
699 4265 728 4314 (l.
741 4267 899 4314 Hermannus
916 4271 943 4313 ut
960 4266 992 4314 ab
1004 4267 1137 4316 Homerica
1156 4268 1263 4316 diotione
1281 4269 1377 4320 alienos

329 4347 430 4395 delerit.
