<?xml version="1.0" encoding="UTF-8"?>
<!DOCTYPE html PUBLIC "-//W3C//DTD XHTML 1.0 Transitional//EN"
    "http://www.w3.org/TR/xhtml1/DTD/xhtml1-transitional.dtd">
<html xmlns="http://www.w3.org/1999/xhtml" xml:lang="en" lang="en">
 <head>
  <title>
</title>
<meta http-equiv="Content-Type" content="text/html;charset=utf-8" />
  <meta name='ocr-system' content='tesseract 3.04.00' />
  <meta name='ocr-capabilities' content='ocr_page ocr_carea ocr_par ocr_line ocrx_word'/>
</head>
<body>
  <div class='ocr_page' id='page_1' title='image "./denominumpropri00frangoog_0009.png"; bbox 0 0 3192 4974; ppageno 0'>
   <div class='ocr_carea' id='block_1_1' title="bbox 306 835 1445 4393">
    <p class='ocr_par' dir='ltr' id='par_1_1' title="bbox 306 835 1360 1730">
     <span class='ocr_line' id='line_1_1' title="bbox 393 835 1358 913; baseline -0.001 -17"><span class='ocrx_word' id='word_1_1' title='bbox 393 836 490 902; x_wconf 79' lang='lat' dir='ltr'><strong>Quam</strong></span> <span class='ocrx_word' id='word_1_2' title='bbox 519 836 581 898; x_wconf 91' lang='lat' dir='ltr'><strong>vim</strong></span> <span class='ocrx_word' id='word_1_3' title='bbox 611 841 739 895; x_wconf 90' lang='lat' dir='ltr'><strong>metrum</strong></span> <span class='ocrx_word' id='word_1_4' title='bbox 768 837 805 896; x_wconf 84' lang='lat' dir='ltr'><strong>ad</strong></span> <span class='ocrx_word' id='word_1_5' title='bbox 836 838 928 897; x_wconf 89' lang='lat' dir='ltr'><strong>verba</strong></span> <span class='ocrx_word' id='word_1_6' title='bbox 954 837 1111 896; x_wconf 87' lang='lat' dir='ltr'><strong>formanda</strong></span> <span class='ocrx_word' id='word_1_7' title='bbox 1141 841 1171 894; x_wconf 90' lang='lat' dir='ltr'><strong>et</strong></span> <span class='ocrx_word' id='word_1_8' title='bbox 1193 835 1358 913; x_wconf 90' lang='lat' dir='ltr'><strong>copulanda</strong></span> 
     </span>
     <span class='ocr_line' id='line_1_2' title="bbox 306 937 1356 1016; baseline -0.002 -18"><span class='ocrx_word' id='word_1_9' title='bbox 306 941 434 1012; x_wconf 85' lang='lat' dir='ltr'><strong>habeat,</strong></span> <span class='ocrx_word' id='word_1_10' title='bbox 466 938 640 1012; x_wconf 83' lang='lat' dir='ltr'><strong>diligentius</strong></span> <span class='ocrx_word' id='word_1_11' title='bbox 671 937 799 1015; x_wconf 90' lang='lat' dir='ltr'><strong>primum</strong></span> <span class='ocrx_word' id='word_1_12' title='bbox 830 937 990 1016; x_wconf 80' lang='lat' dir='ltr'><strong>inquisivit</strong></span> <span class='ocrx_word' id='word_1_13' title='bbox 1018 940 1044 998; x_wconf 90' lang='lat' dir='ltr'><strong>I.</strong></span> <span class='ocrx_word' id='word_1_14' title='bbox 1068 940 1101 997; x_wconf 87' lang='grc' dir='ltr'><strong>Ε.</strong></span> <span class='ocrx_word' id='word_1_15' title='bbox 1126 937 1295 997; x_wconf 86' lang='lat' dir='ltr'><strong>Ellendtius</strong></span> <span class='ocrx_word' id='word_1_16' title='bbox 1325 938 1356 996; x_wconf 93' lang='lat' dir='ltr'><strong>in</strong></span> 
     </span>
     <span class='ocr_line' id='line_1_3' title="bbox 307 1039 1357 1119; baseline -0.002 -19"><span class='ocrx_word' id='word_1_17' title='bbox 307 1061 409 1119; x_wconf 83' lang='lat' dir='ltr'><strong>progr.</strong></span> <span class='ocrx_word' id='word_1_18' title='bbox 432 1061 532 1118; x_wconf 79' lang='lat' dir='ltr'><strong>gymn.</strong></span> <span class='ocrx_word' id='word_1_19' title='bbox 556 1040 767 1114; x_wconf 82' lang='lat' dir='ltr'><strong>Regimontani</strong></span> <span class='ocrx_word' id='word_1_20' title='bbox 790 1039 1028 1115; x_wconf 89' lang='lat' dir='ltr'><strong>Palaeopolitani</strong></span> <span class='ocrx_word' id='word_1_21' title='bbox 1054 1045 1153 1114; x_wconf 83' lang='grc'><strong>1861,</strong></span> <span class='ocrx_word' id='word_1_22' title='bbox 1177 1041 1285 1098; x_wconf 83' lang='grc' dir='ltr'><strong><em>δοίοδο</em></strong></span> <span class='ocrx_word' id='word_1_23' title='bbox 1307 1040 1357 1098; x_wconf 85' lang='lat' dir='ltr'><strong>El·</strong></span> 
     </span>
     <span class='ocr_line' id='line_1_4' title="bbox 307 1141 1358 1219; baseline -0.003 -17"><span class='ocrx_word' id='word_1_24' title='bbox 307 1143 413 1202; x_wconf 88' lang='lat' dir='ltr'><strong>lendtii</strong></span> <span class='ocrx_word' id='word_1_25' title='bbox 443 1141 661 1201; x_wconf 77' lang='lat' dir='ltr'><strong>dissertationis</strong></span> <span class='ocrx_word' id='word_1_26' title='bbox 690 1161 812 1219; x_wconf 91' lang='lat' dir='ltr'><strong>prorsus</strong></span> <span class='ocrx_word' id='word_1_27' title='bbox 840 1141 980 1215; x_wconf 85' lang='lat' dir='ltr'><strong>ignarus,</strong></span> <span class='ocrx_word' id='word_1_28' title='bbox 1013 1143 1063 1200; x_wconf 90' lang='lat' dir='ltr'><strong>sed</strong></span> <span class='ocrx_word' id='word_1_29' title='bbox 1094 1142 1187 1202; x_wconf 90' lang='lat' dir='ltr'><strong>multo</strong></span> <span class='ocrx_word' id='word_1_30' title='bbox 1220 1142 1358 1201; x_wconf 89' lang='lat' dir='ltr'><strong>subtilius</strong></span> 
     </span>
     <span class='ocr_line' id='line_1_5' title="bbox 308 1243 1357 1324; baseline 0 -23"><span class='ocrx_word' id='word_1_31' title='bbox 308 1245 498 1304; x_wconf 79' lang='lat' dir='ltr'><strong>Duentuerus</strong></span> <span class='ocrx_word' id='word_1_32' title='bbox 520 1244 551 1302; x_wconf 94' lang='lat' dir='ltr'><strong>in</strong></span> <span class='ocrx_word' id='word_1_33' title='bbox 576 1243 759 1302; x_wconf 83' lang='lat' dir='ltr'><strong>Fleckeiseni</strong></span> <span class='ocrx_word' id='word_1_34' title='bbox 783 1243 881 1301; x_wconf 92' lang='lat' dir='ltr'><strong>annal.</strong></span> <span class='ocrx_word' id='word_1_35' title='bbox 909 1249 997 1316; x_wconf 86' lang='grc'><strong>1864,</strong></span> <span class='ocrx_word' id='word_1_36' title='bbox 1021 1265 1050 1320; x_wconf 89' lang='lat' dir='ltr'><strong>p.</strong></span> <span class='ocrx_word' id='word_1_37' title='bbox 1067 1243 1128 1302; x_wconf 81' lang='lat'><strong>673</strong></span> <span class='ocrx_word' id='word_1_38' title='bbox 1143 1263 1206 1324; x_wconf 87' lang='lat' dir='ltr'><strong>sqq.</strong></span> <span class='ocrx_word' id='word_1_39' title='bbox 1229 1271 1272 1294; x_wconf 96' lang='lat'>=</span> <span class='ocrx_word' id='word_1_40' title='bbox 1293 1244 1357 1302; x_wconf 89' lang='lat' dir='ltr'><strong>Ho-</strong></span> 
     </span>
     <span class='ocr_line' id='line_1_6' title="bbox 308 1345 1354 1424; baseline 0 -20"><span class='ocrx_word' id='word_1_41' title='bbox 308 1345 455 1404; x_wconf 92' lang='lat' dir='ltr'><strong>merische</strong></span> <span class='ocrx_word' id='word_1_42' title='bbox 474 1345 624 1404; x_wconf 84' lang='lat' dir='ltr'><strong>Abhandl.</strong></span> <span class='ocrx_word' id='word_1_43' title='bbox 647 1365 676 1422; x_wconf 92' lang='lat' dir='ltr'><strong>p.</strong></span> <span class='ocrx_word' id='word_1_44' title='bbox 694 1346 753 1402; x_wconf 83' lang='grc'><strong>517</strong></span> <span class='ocrx_word' id='word_1_45' title='bbox 768 1364 842 1424; x_wconf 82' lang='lat' dir='ltr'><strong>sqq,</strong></span> <span class='ocrx_word' id='word_1_46' title='bbox 866 1345 1090 1404; x_wconf 88' lang='lat' dir='ltr'><strong>necimmerito</strong></span> <span class='ocrx_word' id='word_1_47' title='bbox 1113 1345 1161 1405; x_wconf 91' lang='lat' dir='ltr'><strong>vir</strong></span> <span class='ocrx_word' id='word_1_48' title='bbox 1183 1346 1288 1405; x_wconf 90' lang='lat' dir='ltr'><strong>doctus</strong></span> <span class='ocrx_word' id='word_1_49' title='bbox 1312 1365 1354 1417; x_wconf 91' lang='lat' dir='ltr'><strong>ea,</strong></span> 
     </span>
     <span class='ocr_line' id='line_1_7' title="bbox 314 1445 1360 1528; baseline 0 -22"><span class='ocrx_word' id='word_1_50' title='bbox 314 1467 391 1528; x_wconf 91' lang='lat' dir='ltr'><strong>quae</strong></span> <span class='ocrx_word' id='word_1_51' title='bbox 412 1447 477 1506; x_wconf 85' lang='lat' dir='ltr'><strong>illio</strong></span> <span class='ocrx_word' id='word_1_52' title='bbox 500 1445 681 1519; x_wconf 78' lang='lat' dir='ltr'><strong>observavit,</strong></span> <span class='ocrx_word' id='word_1_53' title='bbox 705 1445 880 1519; x_wconf 83' lang='lat' dir='ltr'><strong>gravissima</strong></span> <span class='ocrx_word' id='word_1_54' title='bbox 902 1447 1047 1508; x_wconf 89' lang='lat' dir='ltr'><strong>iudicavit</strong></span> <span class='ocrx_word' id='word_1_55' title='bbox 1068 1448 1207 1520; x_wconf 91' lang='lat' dir='ltr'><strong>omnium,</strong></span> <span class='ocrx_word' id='word_1_56' title='bbox 1231 1468 1308 1527; x_wconf 89' lang='lat' dir='ltr'><strong>quae</strong></span> <span class='ocrx_word' id='word_1_57' title='bbox 1323 1449 1360 1506; x_wconf 88' lang='lat' dir='ltr'><strong>de</strong></span> 
     </span>
     <span class='ocr_line' id='line_1_8' title="bbox 309 1532 1359 1626; baseline 0 -18"><span class='ocrx_word' id='word_1_58' title='bbox 309 1532 399 1608; x_wconf 87' lang='lat' dir='ltr'><strong>rebus</strong></span> <span class='ocrx_word' id='word_1_59' title='bbox 421 1547 592 1608; x_wconf 76' lang='lat' dir='ltr'><strong>Homericis</strong></span> <span class='ocrx_word' id='word_1_60' title='bbox 615 1549 789 1625; x_wconf 88' lang='lat' dir='ltr'><strong>composuit.</strong></span> <span class='ocrx_word' id='word_1_61' title='bbox 834 1549 936 1626; x_wconf 88' lang='lat' dir='ltr'><strong>itaqua</strong></span> <span class='ocrx_word' id='word_1_62' title='bbox 965 1549 1056 1608; x_wconf 86' lang='lat' dir='ltr'><strong>liceat</strong></span> <span class='ocrx_word' id='word_1_63' title='bbox 1077 1549 1151 1607; x_wconf 91' lang='lat' dir='ltr'><strong>mihi</strong></span> <span class='ocrx_word' id='word_1_64' title='bbox 1175 1551 1359 1624; x_wconf 87' lang='lat' dir='ltr'><strong>brevissime,</strong></span> 
     </span>
     <span class='ocr_line' id='line_1_9' title="bbox 313 1649 943 1730; baseline -0.002 -20"><span class='ocrx_word' id='word_1_65' title='bbox 313 1669 388 1730; x_wconf 83' lang='lat' dir='ltr'><strong>quae</strong></span> <span class='ocrx_word' id='word_1_66' title='bbox 411 1652 468 1712; x_wconf 90' lang='lat' dir='ltr'><strong>hac</strong></span> <span class='ocrx_word' id='word_1_67' title='bbox 489 1651 526 1708; x_wconf 92' lang='lat' dir='ltr'><strong>de</strong></span> <span class='ocrx_word' id='word_1_68' title='bbox 548 1669 582 1708; x_wconf 92' lang='lat' dir='ltr'><strong>re</strong></span> <span class='ocrx_word' id='word_1_69' title='bbox 603 1649 752 1722; x_wconf 83' lang='lat' dir='ltr'><strong>disseruit,</strong></span> <span class='ocrx_word' id='word_1_70' title='bbox 777 1649 943 1728; x_wconf 89' lang='lat' dir='ltr'><strong>complecti.</strong></span> 
     </span>
    </p>

    <p class='ocr_par' dir='ltr' id='par_1_2' title="bbox 311 1751 1445 3774">
     <span class='ocr_line' id='line_1_10' title="bbox 399 1751 1359 1830; baseline -0.001 -18"><span class='ocrx_word' id='word_1_71' title='bbox 399 1752 580 1830; x_wconf 78' lang='lat' dir='ltr'><strong>Saepissime</strong></span> <span class='ocrx_word' id='word_1_72' title='bbox 608 1756 712 1828; x_wconf 88' lang='lat' dir='ltr'><strong>poetas</strong></span> <span class='ocrx_word' id='word_1_73' title='bbox 741 1751 917 1812; x_wconf 77' lang='lat' dir='ltr'><strong>Homericos</strong></span> <span class='ocrx_word' id='word_1_74' title='bbox 947 1751 1072 1812; x_wconf 88' lang='lat' dir='ltr'><strong>metrica</strong></span> <span class='ocrx_word' id='word_1_75' title='bbox 1103 1751 1152 1813; x_wconf 89' lang='lat' dir='ltr'><strong>vel</strong></span> <span class='ocrx_word' id='word_1_76' title='bbox 1182 1751 1359 1812; x_wconf 84' lang='lat' dir='ltr'><strong>necessitate</strong></span> 
     </span>
     <span class='ocr_line' id='line_1_11' title="bbox 313 1854 1416 1934; baseline -0.003 -18"><span class='ocrx_word' id='word_1_77' title='bbox 313 1855 363 1916; x_wconf 78' lang='lat' dir='ltr'><strong>rel</strong></span> <span class='ocrx_word' id='word_1_78' title='bbox 385 1854 595 1916; x_wconf 86' lang='lat' dir='ltr'><strong>commoditate</strong></span> <span class='ocrx_word' id='word_1_79' title='bbox 624 1854 767 1914; x_wconf 87' lang='lat' dir='ltr'><strong>adductos</strong></span> <span class='ocrx_word' id='word_1_80' title='bbox 788 1855 881 1916; x_wconf 88' lang='lat' dir='ltr'><strong>verba</strong></span> <span class='ocrx_word' id='word_1_81' title='bbox 910 1855 1054 1934; x_wconf 87' lang='lat' dir='ltr'><strong>quaedam</strong></span> <span class='ocrx_word' id='word_1_82' title='bbox 1083 1854 1165 1913; x_wconf 87' lang='lat' dir='ltr'><strong>inter</strong></span> <span class='ocrx_word' id='word_1_83' title='bbox 1186 1875 1218 1914; x_wconf 91' lang='lat' dir='ltr'><strong>se</strong></span> <span class='ocrx_word' id='word_1_84' title='bbox 1240 1874 1360 1932; x_wconf 89' lang='lat' dir='ltr'><strong>permu·</strong></span> <span class='ocrx_word' id='word_1_85' title='bbox 1413 1915 1416 1922; x_wconf 66' lang='grc'>,</span> 
     </span>
     <span class='ocr_line' id='line_1_12' title="bbox 311 1956 1361 2035; baseline -0.003 -17"><span class='ocrx_word' id='word_1_86' title='bbox 311 1957 440 2030; x_wconf 81' lang='lat' dir='ltr'><strong>tavisse3</strong></span> <span class='ocrx_word' id='word_1_87' title='bbox 473 1957 660 2035; x_wconf 91' lang='lat' dir='ltr'><strong>quodmodo</strong></span> <span class='ocrx_word' id='word_1_88' title='bbox 690 1956 734 2015; x_wconf 89' lang='lat' dir='ltr'><strong>ita</strong></span> <span class='ocrx_word' id='word_1_89' title='bbox 756 1973 806 2016; x_wconf 91' lang='lat' dir='ltr'><strong>eos</strong></span> <span class='ocrx_word' id='word_1_90' title='bbox 827 1956 1010 2030; x_wconf 87' lang='lat' dir='ltr'><strong>instituisse,</strong></span> <span class='ocrx_word' id='word_1_91' title='bbox 1041 1963 1075 2015; x_wconf 93' lang='lat' dir='ltr'><strong>ut</strong></span> <span class='ocrx_word' id='word_1_92' title='bbox 1097 1956 1229 2018; x_wconf 88' lang='lat' dir='ltr'><strong>diversas</strong></span> <span class='ocrx_word' id='word_1_93' title='bbox 1251 1959 1361 2016; x_wconf 86' lang='lat' dir='ltr'><strong>formas</strong></span> 
     </span>
     <span class='ocr_line' id='line_1_13' title="bbox 312 2057 1360 2134; baseline -0.002 -16"><span class='ocrx_word' id='word_1_94' title='bbox 312 2059 445 2118; x_wconf 88' lang='lat' dir='ltr'><strong>eiusdem</strong></span> <span class='ocrx_word' id='word_1_95' title='bbox 467 2057 570 2134; x_wconf 83' lang='lat' dir='ltr'><strong>stirpis</strong></span> <span class='ocrx_word' id='word_1_96' title='bbox 592 2059 755 2132; x_wconf 81' lang='lat' dir='ltr'><strong>fingerent,</strong></span> <span class='ocrx_word' id='word_1_97' title='bbox 779 2059 866 2117; x_wconf 90' lang='lat' dir='ltr'><strong>modo</strong></span> <span class='ocrx_word' id='word_1_98' title='bbox 889 2059 948 2131; x_wconf 85' lang='lat' dir='ltr'><strong>ita,</strong></span> <span class='ocrx_word' id='word_1_99' title='bbox 971 2065 1005 2118; x_wconf 92' lang='lat' dir='ltr'><strong>ut</strong></span> <span class='ocrx_word' id='word_1_100' title='bbox 1026 2059 1195 2133; x_wconf 80' lang='lat' dir='ltr'><strong>generibus,</strong></span> <span class='ocrx_word' id='word_1_101' title='bbox 1218 2059 1360 2130; x_wconf 86' lang='lat' dir='ltr'><strong>numeris,</strong></span> 
     </span>
     <span class='ocr_line' id='line_1_14' title="bbox 315 2159 1360 2240; baseline -0.004 -18"><span class='ocrx_word' id='word_1_102' title='bbox 315 2161 432 2222; x_wconf 86' lang='lat' dir='ltr'><strong>ossibus</strong></span> <span class='ocrx_word' id='word_1_103' title='bbox 453 2160 503 2220; x_wconf 90' lang='lat' dir='ltr'><strong>vol</strong></span> <span class='ocrx_word' id='word_1_104' title='bbox 524 2159 661 2236; x_wconf 87' lang='lat' dir='ltr'><strong>personis</strong></span> <span class='ocrx_word' id='word_1_105' title='bbox 690 2167 721 2218; x_wconf 91' lang='lat' dir='ltr'><strong>et</strong></span> <span class='ocrx_word' id='word_1_106' title='bbox 742 2160 837 2218; x_wconf 89' lang='lat' dir='ltr'><strong>modis</strong></span> <span class='ocrx_word' id='word_1_107' title='bbox 865 2160 1119 2222; x_wconf 86' lang='lat' dir='ltr'><strong>substantivorum</strong></span> <span class='ocrx_word' id='word_1_108' title='bbox 1140 2163 1360 2240; x_wconf 88' lang='lat' dir='ltr'><strong>verborumque</strong></span> 
     </span>
     <span class='ocr_line' id='line_1_15' title="bbox 312 2263 1361 2341; baseline -0.003 -17"><span class='ocrx_word' id='word_1_109' title='bbox 312 2263 481 2341; x_wconf 85' lang='lat' dir='ltr'><strong>promiscue</strong></span> <span class='ocrx_word' id='word_1_110' title='bbox 503 2267 668 2336; x_wconf 90' lang='lat' dir='ltr'><strong>uterentur,</strong></span> <span class='ocrx_word' id='word_1_111' title='bbox 690 2263 787 2336; x_wconf 91' lang='lat' dir='ltr'><strong>modo,</strong></span> <span class='ocrx_word' id='word_1_112' title='bbox 810 2267 844 2322; x_wconf 90' lang='lat' dir='ltr'><strong>ut</strong></span> <span class='ocrx_word' id='word_1_113' title='bbox 865 2263 1027 2340; x_wconf 86' lang='lat' dir='ltr'><strong>particulas</strong></span> <span class='ocrx_word' id='word_1_114' title='bbox 1049 2263 1100 2322; x_wconf 90' lang='lat' dir='ltr'><strong>hie</strong></span> <span class='ocrx_word' id='word_1_115' title='bbox 1122 2264 1273 2336; x_wconf 85' lang='lat' dir='ltr'><strong>adderent,</strong></span> <span class='ocrx_word' id='word_1_116' title='bbox 1297 2263 1361 2322; x_wconf 90' lang='lat' dir='ltr'><strong>illic</strong></span> 
     </span>
     <span class='ocr_line' id='line_1_16' title="bbox 311 2366 1362 2446; baseline -0.002 -20"><span class='ocrx_word' id='word_1_117' title='bbox 311 2366 494 2439; x_wconf 84' lang='lat' dir='ltr'><strong>omitterent,</strong></span> <span class='ocrx_word' id='word_1_118' title='bbox 517 2369 580 2424; x_wconf 91' lang='lat' dir='ltr'><strong>tum</strong></span> <span class='ocrx_word' id='word_1_119' title='bbox 602 2384 714 2438; x_wconf 86' lang='lat' dir='ltr'><strong>rursus,</strong></span> <span class='ocrx_word' id='word_1_120' title='bbox 739 2369 772 2424; x_wconf 89' lang='lat' dir='ltr'><strong>ut</strong></span> <span class='ocrx_word' id='word_1_121' title='bbox 793 2367 886 2426; x_wconf 87' lang='lat' dir='ltr'><strong>verba</strong></span> <span class='ocrx_word' id='word_1_122' title='bbox 908 2371 1154 2443; x_wconf 85' lang='lat' dir='ltr'><strong>transponerent,</strong></span> <span class='ocrx_word' id='word_1_123' title='bbox 1176 2367 1305 2446; x_wconf 88' lang='lat' dir='ltr'><strong>denique</strong></span> <span class='ocrx_word' id='word_1_124' title='bbox 1328 2370 1362 2424; x_wconf 91' lang='lat' dir='ltr'><strong>ut</strong></span> 
     </span>
     <span class='ocr_line' id='line_1_17' title="bbox 314 2468 1363 2547; baseline -0.002 -19"><span class='ocrx_word' id='word_1_125' title='bbox 314 2487 548 2547; x_wconf 82' lang='lat' dir='ltr'><strong>synonymorum</strong></span> <span class='ocrx_word' id='word_1_126' title='bbox 572 2473 602 2526; x_wconf 90' lang='lat' dir='ltr'><strong>ot</strong></span> <span class='ocrx_word' id='word_1_127' title='bbox 624 2468 826 2544; x_wconf 90' lang='lat' dir='ltr'><strong>epithetorum</strong></span> <span class='ocrx_word' id='word_1_128' title='bbox 855 2474 1067 2545; x_wconf 88' lang='lat' dir='ltr'><strong>perpetuorum</strong></span> <span class='ocrx_word' id='word_1_129' title='bbox 1098 2487 1182 2526; x_wconf 88' lang='lat' dir='ltr'><strong>usum</strong></span> <span class='ocrx_word' id='word_1_130' title='bbox 1211 2488 1299 2547; x_wconf 90' lang='lat' dir='ltr'><strong>quam</strong></span> <span class='ocrx_word' id='word_1_131' title='bbox 1321 2468 1363 2527; x_wconf 83' lang='lat' dir='ltr'><strong>la·</strong></span> 
     </span>
     <span class='ocr_line' id='line_1_18' title="bbox 313 2563 1363 2647; baseline -0.002 -17"><span class='ocrx_word' id='word_1_132' title='bbox 313 2571 428 2630; x_wconf 86' lang='lat' dir='ltr'><strong>tissime</strong></span> <span class='ocrx_word' id='word_1_133' title='bbox 443 2575 656 2647; x_wconf 79' lang='lat' dir='ltr'><strong>propagarent.</strong></span> <span class='ocrx_word' id='word_1_134' title='bbox 699 2569 783 2631; x_wconf 85' lang='lat' dir='ltr'><strong>velut</strong></span> <span class='ocrx_word' id='word_1_135' title='bbox 805 2576 900 2628; x_wconf 90' lang='lat' dir='ltr'><strong>metro</strong></span> <span class='ocrx_word' id='word_1_136' title='bbox 922 2571 1033 2630; x_wconf 82' lang='lat' dir='ltr'><strong>facturn</strong></span> <span class='ocrx_word' id='word_1_137' title='bbox 1049 2589 1123 2644; x_wconf 89' lang='lat' dir='ltr'><strong>esse,</strong></span> <span class='ocrx_word' id='word_1_138' title='bbox 1145 2576 1180 2629; x_wconf 94' lang='lat' dir='ltr'><strong>ut</strong></span> <span class='ocrx_word' id='word_1_139' title='bbox 1200 2563 1363 2647; x_wconf 74' lang='grc' dir='ltr'><strong><em>Ὀδυσσῆος</em></strong></span> 
     </span>
     <span class='ocr_line' id='line_1_19' title="bbox 312 2664 1362 2750; baseline -0.002 -16"><span class='ocrx_word' id='word_1_140' title='bbox 312 2679 342 2734; x_wconf 87' lang='lat' dir='ltr'><strong>et</strong></span> <span class='ocrx_word' id='word_1_141' title='bbox 377 2664 524 2749; x_wconf 79' lang='grc' dir='ltr'><strong><em>Ὀδυσῆος</em></strong></span> <span class='ocrx_word' id='word_1_142' title='bbox 556 2678 586 2731; x_wconf 90' lang='lat' dir='ltr'><strong>et</strong></span> <span class='ocrx_word' id='word_1_143' title='bbox 618 2664 777 2740; x_wconf 78' lang='grc' dir='ltr'><strong><em>Ὀδυσσέος</em></strong></span> <span class='ocrx_word' id='word_1_144' title='bbox 811 2672 959 2746; x_wconf 77' lang='lat' dir='ltr'><strong>legamus,</strong></span> <span class='ocrx_word' id='word_1_145' title='bbox 1001 2666 1110 2750; x_wconf 88' lang='grc' dir='ltr'><strong><em>δουρός</em></strong></span> <span class='ocrx_word' id='word_1_146' title='bbox 1145 2679 1175 2732; x_wconf 91' lang='lat' dir='ltr'><strong>et</strong></span> <span class='ocrx_word' id='word_1_147' title='bbox 1206 2665 1362 2750; x_wconf 79' lang='grc' dir='ltr'><strong><em>δούρατος,</em></strong></span> 
     </span>
     <span class='ocr_line' id='line_1_20' title="bbox 315 2767 1361 2854; baseline -0.002 -20"><span class='ocrx_word' id='word_1_148' title='bbox 315 2775 366 2834; x_wconf 76' lang='lat' dir='ltr'><strong>osni</strong></span> <span class='ocrx_word' id='word_1_149' title='bbox 389 2780 420 2834; x_wconf 92' lang='lat' dir='ltr'><strong>ot</strong></span> <span class='ocrx_word' id='word_1_150' title='bbox 442 2770 491 2832; x_wconf 92' lang='grc' dir='ltr'><strong>σέο</strong></span> <span class='ocrx_word' id='word_1_151' title='bbox 514 2779 545 2834; x_wconf 91' lang='lat' dir='ltr'><strong>ot</strong></span> <span class='ocrx_word' id='word_1_152' title='bbox 566 2777 627 2834; x_wconf 87' lang='grc' dir='ltr'><strong><em>σεῖο</em></strong></span> <span class='ocrx_word' id='word_1_153' title='bbox 650 2779 681 2834; x_wconf 90' lang='lat' dir='ltr'><strong>et</strong></span> <span class='ocrx_word' id='word_1_154' title='bbox 703 2770 808 2847; x_wconf 80' lang='grc' dir='ltr'><strong><em>σέθεν,</em></strong></span> <span class='ocrx_word' id='word_1_155' title='bbox 840 2773 910 2850; x_wconf 80' lang='grc' dir='ltr'><strong><em>μίαν</em></strong></span> <span class='ocrx_word' id='word_1_156' title='bbox 940 2780 971 2833; x_wconf 93' lang='lat' dir='ltr'><strong>et</strong></span> <span class='ocrx_word' id='word_1_157' title='bbox 992 2771 1059 2848; x_wconf 64' lang='grc' dir='ltr'><strong>ἴον,</strong></span> <span class='ocrx_word' id='word_1_158' title='bbox 1089 2767 1181 2854; x_wconf 78' lang='grc' dir='ltr'><strong><em>εὐρύν</em></strong></span> <span class='ocrx_word' id='word_1_159' title='bbox 1211 2781 1242 2834; x_wconf 92' lang='lat' dir='ltr'><strong>et</strong></span> <span class='ocrx_word' id='word_1_160' title='bbox 1263 2770 1361 2854; x_wconf 79' lang='grc' dir='ltr'><strong><em>εὐρέα,</em></strong></span> 
     </span>
     <span class='ocr_line' id='line_1_21' title="bbox 318 2864 1363 2956; baseline 0.002 -21"><span class='ocrx_word' id='word_1_161' title='bbox 318 2870 418 2954; x_wconf 84' lang='grc' dir='ltr'><strong><em>Ζηνός</em></strong></span> <span class='ocrx_word' id='word_1_162' title='bbox 440 2881 472 2936; x_wconf 90' lang='lat' dir='ltr'><strong>et</strong></span> <span class='ocrx_word' id='word_1_163' title='bbox 493 2870 577 2946; x_wconf 83' lang='grc' dir='ltr'><strong><em>Διός,</em></strong></span> <span class='ocrx_word' id='word_1_164' title='bbox 601 2875 667 2950; x_wconf 81' lang='grc' dir='ltr'><strong>φίλε</strong></span> <span class='ocrx_word' id='word_1_165' title='bbox 688 2872 791 2936; x_wconf 78' lang='grc' dir='ltr'><strong><em>τέκνον</em></strong></span> <span class='ocrx_word' id='word_1_166' title='bbox 814 2881 844 2934; x_wconf 88' lang='lat' dir='ltr'><strong>et</strong></span> <span class='ocrx_word' id='word_1_167' title='bbox 866 2872 969 2936; x_wconf 79' lang='grc' dir='ltr'><strong><em>τέκνον</em></strong></span> <span class='ocrx_word' id='word_1_168' title='bbox 991 2875 1087 2950; x_wconf 73' lang='grc' dir='ltr'><strong><em>φίλον,</em></strong></span> <span class='ocrx_word' id='word_1_169' title='bbox 1111 2871 1219 2952; x_wconf 83' lang='grc' dir='ltr'><strong><em>μύθων</em></strong></span> <span class='ocrx_word' id='word_1_170' title='bbox 1241 2864 1310 2956; x_wconf 80' lang='grc' dir='ltr'><strong><em>ἦρχε</em></strong></span> <span class='ocrx_word' id='word_1_171' title='bbox 1332 2882 1363 2937; x_wconf 89' lang='lat' dir='ltr'><strong>et</strong></span> 
     </span>
     <span class='ocr_line' id='line_1_22' title="bbox 314 2971 1445 3058; baseline 0.001 -21"><span class='ocrx_word' id='word_1_172' title='bbox 314 2972 417 3058; x_wconf 77' lang='grc' dir='ltr'><strong><em>ἤρχετο</em></strong></span> <span class='ocrx_word' id='word_1_173' title='bbox 438 2972 562 3054; x_wconf 78' lang='grc' dir='ltr'><em>μύθων,</em></span> <span class='ocrx_word' id='word_1_174' title='bbox 585 2971 638 3050; x_wconf 61' lang='lat' dir='ltr'><strong>itte</strong></span> <span class='ocrx_word' id='word_1_175' title='bbox 660 2984 690 3040; x_wconf 88' lang='lat' dir='ltr'><strong>et</strong></span> <span class='ocrx_word' id='word_1_176' title='bbox 712 2972 822 3048; x_wconf 82' lang='grc' dir='ltr'><strong><em>πόντος</em></strong></span> <span class='ocrx_word' id='word_1_177' title='bbox 844 2983 875 3038; x_wconf 90' lang='lat' dir='ltr'><strong>et</strong></span> <span class='ocrx_word' id='word_1_178' title='bbox 896 2971 1042 3051; x_wconf 73' lang='grc' dir='ltr'><strong><em>θάλασσα,</em></strong></span> <span class='ocrx_word' id='word_1_179' title='bbox 1066 2972 1199 3056; x_wconf 75' lang='grc' dir='ltr'><strong><em>μοι’νυχες</em></strong></span> <span class='ocrx_word' id='word_1_180' title='bbox 1221 2987 1251 3040; x_wconf 92' lang='lat' dir='ltr'><strong>et</strong></span> <span class='ocrx_word' id='word_1_181' title='bbox 1274 2971 1363 3050; x_wconf 79' lang='grc' dir='ltr'><strong><em>ω’κέες</em></strong></span> <span class='ocrx_word' id='word_1_182' title='bbox 1443 3026 1445 3030; x_wconf 89' lang='grc'><em>.</em></span> 
     </span>
     <span class='ocr_line' id='line_1_23' title="bbox 313 3079 1362 3162; baseline 0.002 -22"><span class='ocrx_word' id='word_1_183' title='bbox 313 3079 402 3142; x_wconf 70' lang='lat' dir='ltr'><strong>trinos</strong></span> <span class='ocrx_word' id='word_1_184' title='bbox 431 3081 550 3162; x_wconf 84' lang='lat' dir='ltr'><strong>aliaque</strong></span> <span class='ocrx_word' id='word_1_185' title='bbox 581 3081 612 3139; x_wconf 92' lang='lat' dir='ltr'><strong>id</strong></span> <span class='ocrx_word' id='word_1_186' title='bbox 641 3102 736 3156; x_wconf 81' lang='lat' dir='ltr'><strong>genus</strong></span> <span class='ocrx_word' id='word_1_187' title='bbox 766 3081 932 3143; x_wconf 89' lang='lat' dir='ltr'><strong>innumera.</strong></span> <span class='ocrx_word' id='word_1_188' title='bbox 978 3100 1065 3159; x_wconf 87' lang='lat' dir='ltr'><strong>saepe</strong></span> <span class='ocrx_word' id='word_1_189' title='bbox 1093 3081 1187 3156; x_wconf 81' lang='lat' dir='ltr'><strong>igitur</strong></span> <span class='ocrx_word' id='word_1_190' title='bbox 1209 3103 1268 3142; x_wconf 90' lang='lat' dir='ltr'><strong>non</strong></span> <span class='ocrx_word' id='word_1_191' title='bbox 1298 3103 1362 3142; x_wconf 89' lang='lat' dir='ltr'><strong>esse</strong></span> 
     </span>
     <span class='ocr_line' id='line_1_24' title="bbox 315 3183 1363 3262; baseline 0.001 -18"><span class='ocrx_word' id='word_1_192' title='bbox 315 3204 404 3261; x_wconf 89' lang='lat' dir='ltr'><strong>opus,</strong></span> <span class='ocrx_word' id='word_1_193' title='bbox 435 3190 469 3244; x_wconf 86' lang='lat' dir='ltr'><strong>ut</strong></span> <span class='ocrx_word' id='word_1_194' title='bbox 499 3183 638 3244; x_wconf 85' lang='lat' dir='ltr'><strong>nonnulli</strong></span> <span class='ocrx_word' id='word_1_195' title='bbox 667 3184 847 3262; x_wconf 84' lang='lat' dir='ltr'><strong>interpretes</strong></span> <span class='ocrx_word' id='word_1_196' title='bbox 869 3186 968 3243; x_wconf 84' lang='lat' dir='ltr'><strong>lacere</strong></span> <span class='ocrx_word' id='word_1_197' title='bbox 991 3184 1122 3258; x_wconf 86' lang='lat' dir='ltr'><strong>soleant,</strong></span> <span class='ocrx_word' id='word_1_198' title='bbox 1153 3186 1190 3244; x_wconf 91' lang='lat' dir='ltr'><strong>ad</strong></span> <span class='ocrx_word' id='word_1_199' title='bbox 1212 3190 1363 3245; x_wconf 86' lang='lat' dir='ltr'><strong>contortas</strong></span> 
     </span>
     <span class='ocr_line' id='line_1_25' title="bbox 315 3286 1364 3368; baseline -0.001 -20"><span class='ocrx_word' id='word_1_200' title='bbox 315 3287 530 3365; x_wconf 79' lang='lat' dir='ltr'><strong>explicationes</strong></span> <span class='ocrx_word' id='word_1_201' title='bbox 562 3289 733 3362; x_wconf 78' lang='lat' dir='ltr'><strong>confugere,</strong></span> <span class='ocrx_word' id='word_1_202' title='bbox 767 3286 913 3361; x_wconf 79' lang='lat' dir='ltr'><strong>sagaciter</strong></span> <span class='ocrx_word' id='word_1_203' title='bbox 944 3307 1110 3364; x_wconf 84' lang='lat' dir='ltr'><strong>exponere,</strong></span> <span class='ocrx_word' id='word_1_204' title='bbox 1142 3287 1213 3368; x_wconf 89' lang='lat' dir='ltr'><strong>quid</strong></span> <span class='ocrx_word' id='word_1_205' title='bbox 1242 3288 1364 3347; x_wconf 87' lang='lat' dir='ltr'><strong>intersit</strong></span> 
     </span>
     <span class='ocr_line' id='line_1_26' title="bbox 315 3381 1363 3466; baseline 0.002 -18"><span class='ocrx_word' id='word_1_206' title='bbox 315 3389 397 3450; x_wconf 88' lang='lat' dir='ltr'><strong>inter</strong></span> <span class='ocrx_word' id='word_1_207' title='bbox 419 3381 477 3448; x_wconf 76' lang='lat' dir='ltr'><strong>dael</strong></span> <span class='ocrx_word' id='word_1_208' title='bbox 499 3383 603 3464; x_wconf 74' lang='grc' dir='ltr'><strong><em>θυμόν</em></strong></span> <span class='ocrx_word' id='word_1_209' title='bbox 634 3397 665 3450; x_wconf 89' lang='lat' dir='ltr'><strong>et</strong></span> <span class='ocrx_word' id='word_1_210' title='bbox 685 3385 761 3448; x_wconf 76' lang='lat' dir='ltr'><strong>nord</strong></span> <span class='ocrx_word' id='word_1_211' title='bbox 783 3383 903 3466; x_wconf 80' lang='grc' dir='ltr'><em>θυμόν,</em></span> <span class='ocrx_word' id='word_1_212' title='bbox 934 3391 1061 3450; x_wconf 85' lang='lat' dir='ltr'><strong>fortasse</strong></span> <span class='ocrx_word' id='word_1_213' title='bbox 1093 3389 1183 3450; x_wconf 88' lang='lat' dir='ltr'><strong>etiam</strong></span> <span class='ocrx_word' id='word_1_214' title='bbox 1213 3390 1363 3450; x_wconf 89' lang='lat' dir='ltr'><strong>subtiliter</strong></span> 
     </span>
     <span class='ocr_line' id='line_1_27' title="bbox 314 3484 1362 3572; baseline 0.002 -22"><span class='ocrx_word' id='word_1_215' title='bbox 314 3491 475 3570; x_wconf 88' lang='lat' dir='ltr'><strong>disputare,</strong></span> <span class='ocrx_word' id='word_1_216' title='bbox 496 3511 549 3552; x_wconf 90' lang='lat' dir='ltr'><strong>our</strong></span> <span class='ocrx_word' id='word_1_217' title='bbox 571 3493 641 3572; x_wconf 86' lang='lat' dir='ltr'><strong>equi</strong></span> <span class='ocrx_word' id='word_1_218' title='bbox 663 3493 770 3552; x_wconf 89' lang='lat' dir='ltr'><strong>melius</strong></span> <span class='ocrx_word' id='word_1_219' title='bbox 792 3493 842 3554; x_wconf 92' lang='lat' dir='ltr'><strong>hic</strong></span> <span class='ocrx_word' id='word_1_220' title='bbox 865 3490 1050 3570; x_wconf 71' lang='grc' dir='ltr'><strong><em>καλλίτριχες,</em></strong></span> <span class='ocrx_word' id='word_1_221' title='bbox 1072 3492 1134 3552; x_wconf 92' lang='lat' dir='ltr'><strong>illic</strong></span> <span class='ocrx_word' id='word_1_222' title='bbox 1157 3484 1287 3569; x_wconf 77' lang='grc' dir='ltr'><strong><em>έδτριχες</em></strong></span> <span class='ocrx_word' id='word_1_223' title='bbox 1307 3512 1362 3570; x_wconf 89' lang='lat' dir='ltr'><strong>ap·</strong></span> 
     </span>
     <span class='ocr_line' id='line_1_28' title="bbox 314 3593 1363 3672; baseline 0.002 -20"><span class='ocrx_word' id='word_1_224' title='bbox 314 3593 473 3670; x_wconf 89' lang='lat' dir='ltr'><strong>pellentur.</strong></span> <span class='ocrx_word' id='word_1_225' title='bbox 518 3595 744 3656; x_wconf 87' lang='lat' dir='ltr'><strong>huiuscemodi</strong></span> <span class='ocrx_word' id='word_1_226' title='bbox 768 3594 1019 3672; x_wconf 84' lang='lat' dir='ltr'><strong>explicationibus</strong></span> <span class='ocrx_word' id='word_1_227' title='bbox 1047 3595 1106 3654; x_wconf 88' lang='lat' dir='ltr'><strong>iam</strong></span> <span class='ocrx_word' id='word_1_228' title='bbox 1126 3613 1189 3653; x_wconf 90' lang='lat' dir='ltr'><strong>esse</strong></span> <span class='ocrx_word' id='word_1_229' title='bbox 1211 3595 1363 3654; x_wconf 89' lang='lat' dir='ltr'><strong>abstinen-</strong></span> 
     </span>
     <span class='ocr_line' id='line_1_29' title="bbox 317 3695 1362 3774; baseline 0.002 -20"><span class='ocrx_word' id='word_1_230' title='bbox 317 3696 385 3757; x_wconf 87' lang='lat' dir='ltr'><strong>dum</strong></span> <span class='ocrx_word' id='word_1_231' title='bbox 408 3716 464 3758; x_wconf 91' lang='lat' dir='ltr'><strong>nee</strong></span> <span class='ocrx_word' id='word_1_232' title='bbox 486 3695 530 3756; x_wconf 86' lang='lat' dir='ltr'><strong>eis</strong></span> <span class='ocrx_word' id='word_1_233' title='bbox 552 3696 679 3774; x_wconf 89' lang='lat' dir='ltr'><strong>amplius</strong></span> <span class='ocrx_word' id='word_1_234' title='bbox 705 3697 844 3758; x_wconf 85' lang='lat' dir='ltr'><strong>taedium</strong></span> <span class='ocrx_word' id='word_1_235' title='bbox 858 3696 1023 3770; x_wconf 77' lang='lat' dir='ltr'><strong>legentium</strong></span> <span class='ocrx_word' id='word_1_236' title='bbox 1045 3697 1152 3756; x_wconf 86' lang='lat' dir='ltr'><strong>animis</strong></span> <span class='ocrx_word' id='word_1_237' title='bbox 1175 3699 1362 3758; x_wconf 89' lang='lat' dir='ltr'><strong>movendum.</strong></span> 
     </span>
    </p>

    <p class='ocr_par' dir='ltr' id='par_1_3' title="bbox 314 3771 1363 4393">
     <span class='ocr_line' id='line_1_30' title="bbox 401 3771 1362 3878; baseline 0 -20"><span class='ocrx_word' id='word_1_238' title='bbox 401 3771 625 3878; x_wconf 70' lang='lat' dir='ltr'><strong>Quod’quidem</strong></span> <span class='ocrx_word' id='word_1_239' title='bbox 640 3799 714 3860; x_wconf 90' lang='lat' dir='ltr'><strong>mihi</strong></span> <span class='ocrx_word' id='word_1_240' title='bbox 730 3819 868 3875; x_wconf 80' lang='lat' dir='ltr'><strong>magnam</strong></span> <span class='ocrx_word' id='word_1_241' title='bbox 880 3805 997 3876; x_wconf 90' lang='lat' dir='ltr'><strong>partem</strong></span> <span class='ocrx_word' id='word_1_242' title='bbox 1011 3799 1161 3876; x_wconf 85' lang='lat' dir='ltr'><strong>persuasit</strong></span> <span class='ocrx_word' id='word_1_243' title='bbox 1174 3799 1362 3859; x_wconf 81' lang='lat' dir='ltr'><strong>Duentzerns</strong></span> 
     </span>
     <span class='ocr_line' id='line_1_31' title="bbox 314 3901 1363 3981; baseline -0.003 -20"><span class='ocrx_word' id='word_1_244' title='bbox 314 3920 370 3961; x_wconf 88' lang='lat' dir='ltr'><strong>noo</strong></span> <span class='ocrx_word' id='word_1_245' title='bbox 400 3921 593 3981; x_wconf 90' lang='lat' dir='ltr'><strong>quemquam,</strong></span> <span class='ocrx_word' id='word_1_246' title='bbox 628 3902 679 3981; x_wconf 92' lang='lat' dir='ltr'><strong>qui</strong></span> <span class='ocrx_word' id='word_1_247' title='bbox 703 3909 803 3962; x_wconf 90' lang='lat' dir='ltr'><strong>mente</strong></span> <span class='ocrx_word' id='word_1_248' title='bbox 834 3922 893 3961; x_wconf 92' lang='lat' dir='ltr'><strong>non</strong></span> <span class='ocrx_word' id='word_1_249' title='bbox 916 3908 1131 3980; x_wconf 86' lang='lat' dir='ltr'><strong>praeoccupata</strong></span> <span class='ocrx_word' id='word_1_250' title='bbox 1157 3903 1238 3961; x_wconf 88' lang='lat' dir='ltr'><strong>illam</strong></span> <span class='ocrx_word' id='word_1_251' title='bbox 1262 3901 1363 3977; x_wconf 91' lang='lat' dir='ltr'><strong>dispu-</strong></span> 
     </span>
     <span class='ocr_line' id='line_1_32' title="bbox 314 4003 1362 4082; baseline 0.002 -20"><span class='ocrx_word' id='word_1_252' title='bbox 314 4003 459 4064; x_wconf 84' lang='lat' dir='ltr'><strong>tationem</strong></span> <span class='ocrx_word' id='word_1_253' title='bbox 474 4003 589 4078; x_wconf 81' lang='lat' dir='ltr'><strong>legerit,</strong></span> <span class='ocrx_word' id='word_1_254' title='bbox 614 4004 816 4064; x_wconf 88' lang='lat' dir='ltr'><strong>dissensurum</strong></span> <span class='ocrx_word' id='word_1_255' title='bbox 839 4025 904 4064; x_wconf 86' lang='lat' dir='ltr'><strong>esse</strong></span> <span class='ocrx_word' id='word_1_256' title='bbox 923 4004 1049 4077; x_wconf 86' lang='lat' dir='ltr'><strong>confido,</strong></span> <span class='ocrx_word' id='word_1_257' title='bbox 1072 4005 1246 4082; x_wconf 87' lang='lat' dir='ltr'><strong>praesertim</strong></span> <span class='ocrx_word' id='word_1_258' title='bbox 1262 4023 1362 4064; x_wconf 82' lang='lat' dir='ltr'><strong>exem-</strong></span> 
     </span>
     <span class='ocr_line' id='line_1_33' title="bbox 314 4105 1363 4187; baseline 0.002 -23"><span class='ocrx_word' id='word_1_259' title='bbox 314 4105 373 4184; x_wconf 89' lang='lat' dir='ltr'><strong>plis</strong></span> <span class='ocrx_word' id='word_1_260' title='bbox 400 4105 532 4166; x_wconf 83' lang='lat' dir='ltr'><strong>maxime</strong></span> <span class='ocrx_word' id='word_1_261' title='bbox 563 4106 726 4166; x_wconf 87' lang='lat' dir='ltr'><strong>luculentis</strong></span> <span class='ocrx_word' id='word_1_262' title='bbox 749 4107 882 4166; x_wconf 88' lang='lat' dir='ltr'><strong>collectis</strong></span> <span class='ocrx_word' id='word_1_263' title='bbox 906 4113 935 4166; x_wconf 92' lang='lat' dir='ltr'><strong>et</strong></span> <span class='ocrx_word' id='word_1_264' title='bbox 957 4107 988 4166; x_wconf 93' lang='lat' dir='ltr'><strong>in</strong></span> <span class='ocrx_word' id='word_1_265' title='bbox 1011 4128 1070 4168; x_wconf 93' lang='lat' dir='ltr'><strong>uno</strong></span> <span class='ocrx_word' id='word_1_266' title='bbox 1095 4110 1185 4187; x_wconf 74' lang='lat' dir='ltr'><strong>quasi,</strong></span> <span class='ocrx_word' id='word_1_267' title='bbox 1202 4113 1363 4183; x_wconf 90' lang='lat' dir='ltr'><strong>conspectu</strong></span> 
     </span>
     <span class='ocr_line' id='line_1_34' title="bbox 316 4207 1363 4290; baseline 0.004 -24"><span class='ocrx_word' id='word_1_268' title='bbox 316 4207 496 4285; x_wconf 87' lang='lat' dir='ltr'><strong>compositis.</strong></span> <span class='ocrx_word' id='word_1_269' title='bbox 541 4209 592 4268; x_wconf 92' lang='lat' dir='ltr'><strong>sed</strong></span> <span class='ocrx_word' id='word_1_270' title='bbox 614 4215 732 4284; x_wconf 61' lang='lat' dir='ltr'><strong>tamem</strong></span> <span class='ocrx_word' id='word_1_271' title='bbox 757 4210 834 4289; x_wconf 93' lang='lat' dir='ltr'><strong>quod</strong></span> <span class='ocrx_word' id='word_1_272' title='bbox 858 4209 1035 4290; x_wconf 86' lang='lat' dir='ltr'><strong>plerumque</strong></span> <span class='ocrx_word' id='word_1_273' title='bbox 1058 4210 1116 4284; x_wconf 90' lang='lat' dir='ltr'><strong>eis,</strong></span> <span class='ocrx_word' id='word_1_274' title='bbox 1141 4209 1192 4290; x_wconf 90' lang='lat' dir='ltr'><strong>qni</strong></span> <span class='ocrx_word' id='word_1_275' title='bbox 1214 4209 1285 4270; x_wconf 90' lang='lat' dir='ltr'><strong>novi</strong></span> <span class='ocrx_word' id='word_1_276' title='bbox 1309 4209 1363 4269; x_wconf 85' lang='lat' dir='ltr'><strong>ali·</strong></span> 
     </span>
     <span class='ocr_line' id='line_1_35' title="bbox 316 4309 1362 4393; baseline 0.006 -25"><span class='ocrx_word' id='word_1_277' title='bbox 316 4309 387 4390; x_wconf 89' lang='lat' dir='ltr'><strong>quid</strong></span> <span class='ocrx_word' id='word_1_278' title='bbox 409 4310 602 4389; x_wconf 87' lang='lat' dir='ltr'><strong>invenerunt,</strong></span> <span class='ocrx_word' id='word_1_279' title='bbox 626 4311 759 4371; x_wconf 89' lang='lat' dir='ltr'><strong>accidere</strong></span> <span class='ocrx_word' id='word_1_280' title='bbox 782 4311 866 4387; x_wconf 91' lang='lat' dir='ltr'><strong>solet,</strong></span> <span class='ocrx_word' id='word_1_281' title='bbox 889 4311 968 4370; x_wconf 90' lang='lat' dir='ltr'><strong>idem</strong></span> <span class='ocrx_word' id='word_1_282' title='bbox 983 4313 1155 4372; x_wconf 80' lang='lat' dir='ltr'><strong>Duentzero</strong></span> <span class='ocrx_word' id='word_1_283' title='bbox 1174 4330 1292 4393; x_wconf 89' lang='lat' dir='ltr'><strong>quoque</strong></span> <span class='ocrx_word' id='word_1_284' title='bbox 1314 4330 1362 4374; x_wconf 88' lang='lat' dir='ltr'><strong>ao·</strong></span> 
     </span>
    </p>
   </div>
   <div class='ocr_carea' id='block_1_2' title="bbox 0 0 1607 4974">
    <p class='ocr_par' dir='ltr' id='par_1_4' title="bbox 0 0 1607 4974">
     <span class='ocr_line' id='line_1_36' title="bbox 0 0 1607 4974; baseline 0 0"><span class='ocrx_word' id='word_1_285' title='bbox 0 0 1607 4974; x_wconf 95' lang='lat' dir='ltr'><strong> </strong></span> 
     </span>
    </p>
   </div>
  </div>
 </body>
</html>
