3192 4974
755 465 971 533 -14..

338 641 376 700 eb
400 639 576 700 Aristereho
599 638 719 719 quidem
741 639 773 698 iu
796 639 893 698 lliede
915 658 1032 718 semper
1055 637 1247 717 soribitur1),
1269 658 1388 700 reeusa-

338 743 420 806 tivus
435 763 507 804 vero
523 739 713 800 πολυπίδακα
735 741 768 800 in
783 761 872 802 versu
889 740 938 802 pe
949 743 978 820 ¹)
1000 741 1126 802 iterato:
1141 731 1231 817 Ἴδην
1246 731 1272 797 δ’
1286 738 1389 800 ἵκανεν

338 840 491 924 (ίκὲσθήν)
521 841 725 917 πολυπίδακα,
758 839 870 919 μητέρα
899 844 1005 920 θηραῖυ
1031 844 1104 904 item
1127 845 1164 902 ob
1186 848 1314 902 metrum
1336 863 1388 902 ne·

338 947 485 1006 cesserim
508 951 561 1005 est
598 947 649 1006 sed
672 950 753 1006 eertn
774 947 849 1005 heeo
872 945 1044 1005 oonieoture
1058 939 1125 1004 'non
1148 950 1209 1018 est,
1242 945 1388 1023 siqnidem

336 1049 426 1108 etium
448 1048 559 1124 legitur
580 1043 787 1127 ἕκ(αι)ῆβόλου
808 1039 992 1118 ’Λπόλλωνος
1005 1043 1026 1129 Ι,
1050 1041 1229 1126 βαθυρρόου
1244 1053 1275 1108 et
1290 1041 1387 1132 ἄψορ-

336 1144 412 1228 ρόου
435 1141 623 1232 Ὡκεανοῖοί,
646 1147 778 1219 Αἴαντος
804 1148 992 1224 Τελαμωνίου
1014 1156 1084 1209 ente
1106 1150 1143 1210 V.
1166 1150 1291 1226 pedem,
1315 1149 1387 1230 quin

338 1251 429 1310 etiem
451 1255 476 1309 θ
499 1251 559 1310 287
592 1256 623 1310 et
645 1273 669 1310 ω
693 1251 731 1310 75
763 1252 940 1328 περικλυτοῦ
969 1242 1177 1331 ἩφαίστοιοΙ,
1210 1271 1389 1332 quemquem

336 1353 488 1414 Vuloenus
513 1352 543 1410 Φ
559 1353 631 1427 367,
654 1357 679 1412 θ
700 1354 771 1426 297,
795 1353 855 1412 827
888 1353 1021 1430 epitheto
1044 1345 1238 1432 πολύφρονος
1266 1358 1387 1412 ornetus

293 1467 294 1470 ’
340 1462 394 1530 eet,
418 1461 449 1516 et
471 1449 695 1535 φαεσιμβρότου
716 1455 765 1518 vel
781 1448 1001 1533 τερψιμβρότου
1022 1446 1187 1530 ἨελίοιοΙ,
1211 1473 1388 1536 quemquem

340 1579 359 1616 κ
380 1562 437 1616 138
462 1556 582 1636 quidem
603 1547 778 1635 Ὑπερίονος
798 1547 947 1638 Ἠελίοιο]
971 1559 1047 1616 bene
1069 1556 1142 1633 poni
1163 1562 1291 1636 poteret

423 1659 562 1740 Denique
590 1660 666 1719 miro
694 1659 789 1737 possit
812 1658 906 1719 videri
935 1659 1028 1718 nimie
1058 1657 1271 1720 attributorum
1293 1660 1386 1736 oopie

337 1780 408 1820 nem
431 1761 456 1820 si
480 1759 619 1841 δαΐφρων
639 1757 751 1830 Τυδέος
765 1753 847 1842 υἱόςΙ
872 1761 967 1840 poetis
990 1760 1088 1820 dioere
1110 1760 1228 1836 lioebet,
1251 1781 1305 1822 our
1326 1782 1387 1822 non

336 1862 409 1922 item
438 1863 581 1924 dixerunt
610 1854 754 1940 Ἀχιλλεός
853 1860 1009 1940 δαΐφρων,
1033 1854 1151 1941 Ἕκτωρ
1249 1861 1386 1942 δαΐφρων

338 1965 402 2024 sim.
424 1985 479 2043 pro
500 1957 644 2042 Ἀχιλλεός
660 2010 667 2025 .
685 2009 691 2024 .
708 2009 715 2024 .
732 1963 872 2040 διίφιλος,
885 1958 1005 2044 Ἕκτωρ
1029 2007 1078 2024 ...
1102 1963 1233 2038 διίφιλος
1254 1965 1338 2024 eim?
1362 1966 1386 2026 si

338 2059 466 2144 εἰμόμων
482 2061 717 2144 Βελλεροφόντης
728 2063 745 2148 Ι,
769 2087 822 2127 eur
843 2088 903 2127 non
927 2060 1055 2143 ἀμύμων
1146 2059 1299 2144 Ἀχιλλεύς,
1323 2069 1387 2126 Με-

338 2163 439 2238 νέλαος
462 2159 589 2245 όμόμων
601 2169 630 2249 ³)
652 2189 707 2248 pro
730 2162 837 2246 ἀρήιος
852 2213 858 2226 .
872 2212 879 2226 .
892 2212 899 2225 .
914 2161 1066 2245 Ἀχιλλεύς,
1089 2165 1243 2239 Μενέλαος
1265 2161 1387 2250 όρήιοςδ

339 2271 390 2329 sed
413 2291 451 2329 ne
474 2271 567 2330 multe
595 2272 628 2330 in
656 2276 831 2348 rouperto:
861 2276 1027 2349 posuerunt
1056 2277 1127 2331 onte
1149 2271 1185 2332 V.
1208 2273 1330 2350 pedem,
1361 2271 1386 2332 si

338 2372 400 2432 ullo
422 2373 509 2432 modo
531 2372 597 2432 fieri
620 2377 753 2450 poteret,
787 2373 952 2452 dactylum,
982 2393 1043 2433 non
1067 2376 1241 2452 spondeum.
1285 2375 1321 2432 de
1344 2374 1387 2434 eis

338 2481 438 2535 eutem
450 2476 613 2550 attributis,
629 2494 705 2556 quoe
721 2476 765 2536 sio
779 2476 869 2536 etiem
885 2479 1009 2549 restant,
1024 2475 1105 2536 infre
1116 2495 1202 2552 egem
1216 2477 1236 2536 i.
1249 2477 1270 2536 f.
1282 2478 1311 2536 in
1324 2495 1387 2554 eep.

424 2579 524 2637 Unum
546 2583 683 2656 superest
704 2579 905 2655 epithetorum
927 2598 1031 2654 genus,
1054 2577 1106 2638 ubi
1125 2583 1252 2638 metrum
1268 2597 1388 2638 oensem

339 2681 514 2741 mutationis
530 2700 595 2740 esee
610 2681 708 2740 oredo.
738 2697 757 2738 σ
773 2685 833 2740 312
856 2680 997 2756 legimus:
1021 2673 1113 2750 αὐτός
1128 2673 1263 2760 διογενῆς
1277 2677 1388 2757 μετέφη

186 2793 328 2861 πολύμητις
340 2775 503 2860 πολύμητις
525 2773 701 2855 Ὀδυσσεύς,
734 2786 758 2841 θ
781 2788 816 2844 δι
846 2777 886 2843 όν
907 2774 934 2841 δ’
955 2775 1014 2862 όιρυ
1036 2775 1171 2862 διογενής
1192 2769 1270 2864 όρτο
1291 2781 1388 2842 πτολί·

191 2896 320 2962 πτολίπορ-
342 2889 461 2966 πορθος
481 2876 649 2957 Ὀδυσσεύς,
672 2891 703 2945 et
724 2891 825 2946 temen
846 2891 975 2965 utroque
996 2885 1062 2946 looo
1085 2879 1250 2962 πολύμητις
1264 2905 1303 2944 on
1318 2905 1389 2945 πτο-

237 2966 282 3023 ³⁰⁶
341 2987 488 3068 λίπορθος
510 2989 592 3048 dioes
614 2987 693 3047 nihil
715 2990 825 3050 refert:
855 2994 983 3048 metrum
1011 2988 1107 3048 sotum
1129 2991 1187 3047 θθ
1211 2989 1390 3050 oorreotioni

343 3092 443 3150 obstet
464 3109 521 3150 neo
542 3090 641 3150 minus
663 3091 695 3150 in
719 3091 857 3151 omnibus
879 3091 1025 3166 versibus,
1047 3091 1081 3150 in
1104 3090 1213 3172 quibus
1235 3111 1297 3152 vox
1319 3110 1389 3150 πτο-

342 3191 490 3271 λίπορθος
512 3197 582 3270 post
603 3211 756 3254 ooesurem
779 3194 1054 3272 semiseptenariem
1064 3192 1093 3270 ⁴)
1122 3193 1221 3272 posite
1243 3204 1305 3267 est,
1338 3213 1391 3252 ex-

343 3303 431 3374 eepto
455 3316 472 3372 χ
487 3299 548 3354 283
566 3287 643 3373 (ἔνθ’
658 3282 722 3354 αὖτ’
737 3289 964 3375 Εκδρυδόμαντα
978 3291 1050 3372 βόλε
1064 3294 1271 3374 πτολίπορθος
1284 3286 1393 3354 Ὀδυσ·

344 3391 441 3475 σεός),
474 3397 526 3456 ubi
549 3418 565 3454 υ
588 3394 685 3472 ἔφελκ.
708 3404 796 3476 poete
825 3398 963 3460 omittere
990 3398 1106 3459 meluit.
1140 3397 1278 3458 similiter
1305 3416 1393 3477 saepe

180 3499 471 3576 μιγαλῆτωρλοςίωιιε
493 3491 640 3578 Ὀδυσσῆι
664 3501 721 3580 (α)
749 3494 924 3582 μεγαλήτορι
947 3501 1023 3581 (οι),
1053 3503 1097 3562 ite
1118 3507 1153 3561 ut
1173 3501 1277 3562 littere
1298 3523 1319 3578 μ
1340 3521 1393 3563 vo-
1468 3507 1471 3515 '

207 3608 310 3662 ταλασί-
346 3603 419 3663 onlis
441 3604 543 3666 brevis
565 3605 745 3666 enteeedene
767 3605 967 3682 producetur,
1000 3611 1106 3666 oontro
1126 3595 1289 3682 Ὀδυσσῆος
1310 3606 1394 3663 ταλα-

221 3694 293 3744 9⁰⁰³*
345 3703 501 3782 σίφρονος,
524 3707 604 3787 qnod
627 3708 716 3767 etiem
739 3705 835 3768 δλλθ
858 3698 913 3786 (οἷς
935 3700 980 3767 ὅδ’
1001 3700 1172 3784 Ὀδυσσῆος
1197 3700 1396 3787 μεγαλήτορος

415 3905 597 3972 1)nymn.1v
616 3912 649 3960 δλ
674 3925 759 3959 omnes
784 3911 857 3959 eodd.
874 3905 1046 3964 πολυπιδάκου
1057 3902 1155 3975 ἸδηςΙ
1174 3909 1305 3972 exhibent,
1330 3909 1396 3957 idem

343 3995 471 4044 Athenaei
488 3996 543 4044 eod.
561 3995 625 4043 Ven.
644 4011 669 4058 p.
682 3997 766 4046 otuu*
783 4017 818 4039 =
836 3996 911 4059 cypr.
929 3998 959 4044 δε.
972 3997 1009 4044 IV
1028 3998 1044 4045 δ
1061 3994 1097 4062 (p.
1111 3992 1164 4063 23).

416 4078 443 4142 ε)
461 4073 484 4129 Θ
502 4083 544 4140 ιε,
563 4073 584 4136 Ε
603 4082 661 4142 eso,
680 4079 703 4131 ο
723 4082 937 4143 1o1‚nymn.1v
955 4084 996 4130 ee.

377 4164 386 4228 f
412 4167 438 4226 δ)
456 4171 513 4214 ente
530 4165 562 4214 V.
580 4168 683 4228 pedem!
700 4167 727 4215 in
745 4169 794 4216 fine
811 4167 919 4230 positum
937 4172 975 4215 est
992 4163 1018 4216 N
1034 4168 1094 4227 sot,
1112 4182 1137 4214 v.
1155 4165 1228 4214 intro.

411 4247 440 4314 t)
460 4265 518 4298 nom
535 4252 610 4299 ueteri
628 4253 776 4313 neglegendi
801 4258 874 4313 sunt,
901 4266 1049 4312 quemquem
1072 4267 1119 4301 neo
1143 4253 1170 4300 in
1194 4251 1234 4300 bie
1257 4242 1399 4318 πολύμητις

342 4332 456 4384 substitui
475 4342 575 4399 potest.
