3192 4974
634 527 841 591 ..33-

210 723 270 761 non
294 700 423 760 libidine
439 703 556 777 poetae,
580 719 761 779 quamquam
783 720 822 759 ne
837 701 913 760 haec
928 699 1047 779 quidem
1065 701 1266 777 vituperanda

211 809 307 876 cenet,
340 803 392 862 scd
413 803 586 880 postulante
608 807 706 862 metro
713 847 720 874 ,
750 822 817 861 cnm
841 795 975 880 αἰγιόχου
1002 802 1035 860 in
1066 802 1126 861 fine
1157 821 1264 863 versun

211 907 283 984 poni
305 927 366 966 non
388 906 493 984 poenit.
532 907 635 965 eadam
656 925 705 965 ren
721 910 768 965 eet
788 906 900 983 3375,
925 905 1038 979 0287,
1061 911 1155 964 0245
1180 907 1265 982 (Hes.

212 1010 268 1070 Tb.
302 1015 353 1082 11,
386 1009 420 1067 0.
445 1029 470 1068 e.
494 1011 530 1069 1).
560 1009 612 1086 99)
644 1014 676 1068 et
696 1009 819 1070 omnino
843 1008 971 1088 saepius.
1016 1003 1166 1087 ἠριγένεια
1188 1029 1264 1068 eem-
1283 1014 1412 1086 η’ριγένεια

212 1131 268 1189 per
289 1115 316 1172 I.
338 1113 446 1190 podem
469 1111 622 1191 sequitur,
655 1104 820 1190 ἠριγενείης
848 1132 971 1172 veroum
1001 1111 1115 1172 claudit
1146 1109 1171 1168 Θ
1195 1117 1265 1184 508,

212 1239 231 1290 μ
256 1221 292 1288 3,
322 1237 339 1274 ν
362 1220 417 1286 94;
447 1208 628 1290 ἑκατηβόλος
655 1216 730 1290 (εσυ,
754 1213 794 1292 -ε)
826 1233 945 1292 semper
967 1233 1120 1274 caesuram
1149 1213 1431 1293 bucolissmmpo'log

212 1339 276 1378 cam
306 1317 473 1389 antecedit,
512 1309 668 1392 ἑκατηβόλ’
704 1317 844 1375 ultimum
878 1317 1137 1396 amphibrachyn;
1178 1337 1265 1395 prae·

213 1426 262 1480 ter
290 1411 481 1498 ἀγλαόδωρος
509 1415 576 1500 (·ε)Ι
615 1419 744 1494 legimur
778 1413 945 1500 ἀγλαόδωρ’
981 1425 1051 1497 post
1074 1421 1110 1480 -Ι,
1144 1421 1267 1498 pedem,
1286 1423 1418 1494 ἀγλαόδω-

215 1527 338 1600 praoter
364 1513 526 1596 Ὀδυσσῆος
549 1520 662 1598 θείοιολ
694 1521 782 1580 θείου
810 1515 971 1598 Ὀδυσῆος,
1003 1527 1126 1598 praeter
1151 1520 1266 1598 Φοῖβος
1320 1515 1389 1625 ᾓρεῖξς

214 1616 382 1705 Ἀπόλλωνί
416 1623 535 1700 Φοίβου
554 1617 742 1694 ’Λπόλλωνος
763 1625 795 1684 in
819 1625 918 1702 eapite
940 1645 984 1688 ve.
996 1671 1003 1699 ‚
1026 1630 1148 1702 praeter
1170 1623 1266 1684 πτολί-
1304 1635 1399 1703 (Deum

215 1732 333 1806 πορθος
351 1722 526 1808 Ὀδυσσεόςί
547 1721 693 1802 Ὀδυσσῆι
715 1728 773 1804 (-α)
795 1721 990 1810 πτολιπόρθῳ
1012 1728 1116 1809 (-ον)γ,
1145 1733 1267 1806 practer
1287 1739 1416 1803 πτολίπορ-

215 1821 348 1905 ῆόιιομος
371 1872 428 1888 ...
454 1825 562 1911 Λητώ,
586 1836 655 1908 pont
674 1832 734 1890 111.
750 1832 817 1909 ped.
840 1833 963 1906 Λητοῦς
986 1824 1155 1914 ῆυιιόμοιογ,
1179 1851 1266 1907 pree·
1303 1809 1406 1933 ,ύῖἓςος

217 1939 265 1992 ter
288 1926 412 2011 ”Αργεος
441 1928 634 2017 ἱπποβότοιοΙ
659 1927 763 2012 ’Ἀργει
793 1931 825 1992 ἐν
853 1927 1009 2016 ἱπποβότῳ
1039 1940 1071 1993 et
1092 1927 1205 2012 ’Ἁργος
1235 1929 1266 2001 ἐς
1285 1895 1420 2029 γῖπγβῗτος

215 2028 381 2110 ἱππόβοτον
409 2035 443 2093 in
475 2034 566 2094 initio
595 2055 641 2095 ve.
669 2036 734 2096 nim.
758 2056 843 2096 naeus
866 2036 1085 2097 adiectivorum
1117 2029 1265 2106 ἀντίθεος,
1292 2061 1407 2121 γγτγμεος
1509 2092 1512 2098 ,

216 2132 398 2213 ἱππόδαμος,
432 2133 608 2217 μεγάθυμος
630 2145 742 2200 certam
766 2141 867 2200 eedem
889 2161 951 2200 non
971 2143 1096 2214 babent,
1129 2137 1267 2217 exceptis
1282 2165 1427 2232 ἱππόδαμος

215 2241 321 2300 formis
343 2233 496 2300 όνιιθίοιο
520 2248 550 2302 et
573 2237 758 2316 ίππσδόμοισ
778 2263 896 2323 semper
917 2243 951 2302 in
972 2244 1034 2304 fine
1047 2243 1154 2322 positis
1176 2247 1268 2322 atque

210 2323 393 2420 ’μεγαθύμου
407 2345 481 2425 (-ςο),
505 2365 582 2425 quae
603 2351 710 2424 utpote
726 2346 901 2422 saepissime
923 2367 978 2424 pro
1002 2339 1201 2422 μεγαλήτορος
1213 2345 1267 2422 (ι)
1282 2369 1433 2439 μεγγςγυμος

215 2451 360 2524 usurpate
381 2467 534 2507 caesuram
556 2449 724 2508 bucolicum
747 2451 924 2508 antecedere
947 2451 1032 2508 solet.
1080 2440 1208 2523 όμόμων
1237 2449 1268 2505 et
1300 2469 1410 2542 ἀμύμων

215 2547 353 2626 δαΐφρων
383 2555 436 2610 aut
464 2571 587 2612 vernum
618 2553 764 2612 claudunt
801 2557 855 2610 aut
887 2552 924 2611 V.
954 2553 1030 2629 pede
1062 2549 1268 2628 excipiuntur,
1293 2573 1408 2643 δαΐφρων

215 2642 369 2726 όμόμονος
391 2654 438 2729 (-ι,
462 2653 506 2731 ·α)
529 2659 561 2713 at
583 2651 749 2732 δαΐφρονος
773 2663 818 2726 (-ι,
841 2655 886 2731 -α)
909 2675 970 2714 non
992 2653 1053 2713 nini
1074 2655 1141 2714 hoc.
1179 2653 1427 2746 γλαυ-γγοωκῶπῑς

215 2747 350 2823 ιιοίπιδσς
366 2755 411 2832 (-ι,
432 2755 478 2833 -α)
501 2758 559 2816 nlio
582 2757 648 2817 loco
671 2757 796 2835 ponitur
818 2761 909 2836 atque
931 2777 1020 2836 quem
1041 2756 1075 2815 in
1098 2754 1267 2834 γλαυκῶπις

210 2849 343 2933 Ἀθῆνηγ
367 2865 503 2938 occupat.
540 2851 630 2929 ’Ἴλιος
653 2853 702 2935 ίρῆ
733 2864 765 2919 et
793 2856 901 2937 χρυσέη
923 2851 1083 2937 Ἀφροδίτη
1113 2859 1146 2917 in
1178 2857 1264 2917 exitu
1329 2883 1385 2950 196<

215 2965 321 3019 vernus
345 2962 546 3034 collocantur,
561 2956 654 3020 Ἴλιον
676 2959 718 3031 είς
739 2956 823 3040 ίερῆν
847 2963 883 3018 Η
901 2968 941 3020 20
964 2961 997 3020 in
1020 2960 1123 3035 initio,
1146 2957 1266 3040 γρυσείγγ
1301 2987 1408 3057 iocoso<

213 3055 376 3145 Ἀφροδίτῃ
402 3064 420 3119 Ι
439 3068 501 3121 389
524 3069 594 3142 post
615 3066 640 3123 1.
662 3065 729 3142 ped.
753 3069 785 3123 et
807 3063 920 3123 similia
943 3063 1079 3142 saepius,
1110 3083 1179 3122 nam
1201 3063 1268 3122 lon·
1296 3085 1299 3092 ¹

216 3185 288 3239 gum
310 3172 357 3225 eet
379 3165 479 3226 omnin
501 3187 678 3226 enumerare
701 3168 848 3245 exempla.

303 3270 528 3349 Nonnunquam
559 3270 651 3330 etiam
683 3270 867 3331 substantivi
902 3271 999 3330 forme
1033 3274 1150 3330 mutata
1181 3287 1271 3328 causa
1311 3255 1314 3260 ¹

216 3377 348 3432 mutatae
371 3371 581 3432 collocationis
605 3377 660 3432 eet.
696 3373 801 3451 hymn.
824 3375 869 3435 IV
897 3375 953 3432 187
978 3373 1099 3453 quidem
1130 3367 1216 3441 (ἄλλοί
1239 3387 1270 3426 σε

218 3467 295 3547 πρός
313 3467 411 3550 Ζηνός
433 3467 612 3553 γουνάζομαι
636 3471 794 3554 αἰγιόχοιο)
816 3477 867 3537 vel
885 3477 984 3536 minue
1008 3475 1140 3534 animum
1163 3473 1270 3534 adver·
1301 3485 1413 3554 alplopoc

218 3577 258 3636 tit
280 3597 369 3657 quam
393 3571 468 3646 Διός
491 3622 545 3636 ...
570 3571 724 3655 αἰγιόχοιο.
767 3581 820 3638 aed
842 3583 888 3639 est
911 3579 963 3658 qui
987 3580 1022 3636 H
1041 3583 1103 3638 330
1127 3573 1265 3655 (ἐσκὲδασ

218 3672 288 3751 όξδς
302 3673 406 3759 Ἄρης,
431 3676 525 3756 ψυχαὶ
549 3674 578 3737 δ’
608 3673 742 3740 Ἀιδόσδε
765 3685 927 3758 κατῆλθον)
951 3681 1180 3742 collocationem
1202 3700 1271 3740 ver·

218 3787 324 3844 borum
347 3775 418 3853 όξδς
432 3775 526 3861 ’Ἇρης
541 3784 709 3844 tentaverit
722 3785 760 3862 ¹):
783 3805 943 3862 perperam
965 3786 1045 3846 hanc
1067 3788 1187 3862 poetam
1211 3782 1271 3840 ole-
1329 3790 1374 3855 ὀξύ

218 3886 296 3960 gisae
318 3886 507 3945 recordatum
529 3906 576 3946 ve.
601 3886 626 3942 P
647 3885 704 3944 721
719 3867 736 3945 ιι
750 3887 897 3962 μίμνομεν
919 3880 991 3957 σ’ξδν
1006 3880 1103 3964 ’Ἀρηα
1125 3877 1199 3960 παρ’
1222 3875 1272 3940 σίλ-

217 3983 330 4065 λῆλοισι
352 3985 482 4062 μένοντι,
506 4008 573 4048 cum
595 3988 770 4068 ceteroquin
793 3981 866 4059 όξόν
881 3981 978 4067 ’Ἀρῆα
998 3989 1031 4048 in
1048 3989 1182 4048 clausule
1203 4005 1272 4048 ver·

220 4113 269 4152 eua
293 4097 414 4152 exitere
443 4091 546 4151 soleat.
593 4092 645 4151 scd
671 4091 761 4152 facile
793 4113 842 4152 reo
871 4092 943 4151 indo
973 4091 1161 4170 explicatur,
1193 4090 1273 4170 quod

219 4197 314 4258 verba
337 4187 408 4266 όξδς
422 4186 517 4274 ’Ἀρης
540 4193 629 4254 aliter
650 4199 741 4276 atque
764 4187 837 4266 όξόν
860 4187 957 4276 νΑριγα
979 4193 1053 4274 poni
1075 4195 1127 4256 vel
1150 4213 1272 4254 necesse

290 4416 316 4484 1)
334 4416 477 4479 Koechlyns
495 4415 520 4462 in
539 4415 588 4464 ind.
608 4415 664 4465 lect.
683 4417 811 4467 Turicens.
832 4416 905 4466 1859.
924 4433 948 4478 p.
963 4420 988 4466 6.

1027 4503 1042 4554 3
1053 4499 1067 4527 ἢ
