3192 4974
738 511 953 578 „13-

183 687 289 758 ἀγήνωρ
324 688 386 763 51).
413 719 455 731 -
480 684 510 742 Φ
533 689 593 744 443
625 684 656 742 in
689 684 748 742 fine
780 705 823 743 vs.
857 685 983 758 legimus
1016 675 1141 762 ἀγήνορι
1172 682 1369 758 Λαομέδοντι.

188 789 285 860 ἀγαυός
324 791 401 869 quod
433 787 626 846 memorabile
657 790 711 846 est.
746 804 815 844 nam
845 805 912 845 oum
936 788 965 843 E
988 792 1048 844 649
1080 793 1111 845 et
1135 787 1160 842 Z
1184 792 1223 846 88
1256 783 1372 866 ἀγαυοῦ

323 887 554 970 ΛαομέδοντοςΙ
586 889 728 949 traditum
757 889 811 960 sit,
842 881 958 966 ἀγαυοῦ
989 895 1086 948 autem
1119 908 1185 948 eum
1218 885 1373 964 ἀμύμονος

177 994 290 1064 ἀμύμων
323 993 431 1054 mutari
456 993 559 1065 soleat,
582 997 616 1050 ut
638 1012 671 1050 re
693 1011 765 1050 vera
786 991 822 1050 fit
848 992 875 1046 Y
889 996 949 1049 236
975 985 1127 1066 (ἀμύμονα
1152 991 1371 1067 Λαομέδοντα),

323 1096 376 1155 illo
408 1115 527 1176 qaoque
556 1095 622 1153 looo
655 1086 787 1169 ἀμύμονι
815 1098 1015 1170 exspeotatur.
1049 1099 1207 1170 praeterea
1236 1115 1274 1154 ex
1296 1096 1372 1154 llbe-

322 1199 417 1273 lingio
447 1198 534 1259 video
566 1188 687 1274 ἀγήνωρ
718 1195 872 1272 epitheton
905 1197 1076 1268 hominum,
1109 1197 1190 1255 huno
1219 1197 1317 1256 looum
1348 1198 1374 1256 si

324 1301 440 1374 eximis,
463 1299 495 1358 iu
518 1299 614 1357 Iliade
637 1317 790 1377 nunquam
813 1319 877 1357 esse
900 1298 959 1356 nisi
985 1299 1012 1354 K
1035 1303 1095 1356 299
1121 1300 1242 1376 (Τρῶας
1265 1292 1373 1376 ἀγήνο-

324 1423 388 1480 ρας,
411 1403 447 1461 of.
467 1402 485 1457 Ι
499 1407 559 1460 699
584 1393 601 1458 t
617 1392 644 1458 δ’
660 1392 782 1478 ἀγήνωρ
799 1395 858 1458 ἐστὶ
874 1396 923 1457 καλ
940 1391 1055 1473 ἀλλοις),
1077 1401 1109 1458 in
1126 1401 1259 1478 Odyssea
1274 1407 1372 1460 eutem

323 1503 566 1583 frequentissime
588 1502 687 1580 proeis
710 1503 811 1562 tribui.
846 1503 897 1561 sed
920 1505 1047 1561 fortasse
1070 1503 1096 1560 ei
1119 1523 1189 1562 vere
1213 1503 1373 1578 nonioiunt,

326 1609 377 1686 qui
403 1607 432 1664 Φ
456 1611 516 1665 443
546 1609 604 1666 hoo
627 1607 804 1666 attributum
827 1625 892 1664 oum
916 1605 1152 1665 dissimulatione
1175 1608 1286 1667 dietum
1309 1629 1373 1666 esse

326 1709 502 1785 opinentur,
534 1711 612 1789 quod
636 1710 660 1768 si
683 1709 727 1768 ita
750 1729 814 1768 sese
843 1710 935 1768 habet
967 1709 1043 1766 nihil
1065 1708 1296 1785 vituperandum
1319 1717 1373 1770 est.

173 1817 304 1896 ναυσρκλυ-
325 1833 446 1888 prorsus
477 1812 567 1870 etiam
598 1812 768 1889 suspioione
796 1818 884 1872 vaoat
915 1811 1047 1885 Φαίηκες
1072 1819 1089 1880 (.
1106 1821 1145 1880 ..)
1170 1814 1374 1887 ναυσικλυτοὶ;

219 1900 264 1942 τος
325 1934 423 1993 neque
446 1915 524 1973 enim
542 1914 699 1994 quisquam
722 1919 889 1992 propterea,
912 1914 991 1992 quod
1014 1934 1032 1988 η
1052 1918 1088 1972 16
1113 1914 1264 1973 Phaeaces
1287 1909 1373 1994 μεγά-

326 2021 422 2091 θυμοι
444 2017 651 2095 appellantur,
682 2037 736 2094 pro
759 2015 949 2074 νανσικλυτοί
977 2015 1077 2092 potius
1106 2011 1300 2095 μεγαλήτορες
1322 2039 1373 2094 po·

327 2120 459 2190 stulabit.
482 2119 725 2195 —Polydamas
753 2138 819 2177 aum
841 2118 975 2176 Saluium
1004 2120 1042 2176 ab
1064 2117 1157 2177 Aiace
1187 2119 1301 2178 minore
1324 2142 1374 2179 ne·

326 2228 423 2282 eatam
447 2243 485 2282 ex
501 2222 681 2280 Graecorum
704 2221 841 2279 manibus
865 2227 1036 2281 servaturus
1059 2221 1203 2281 aoourrit:
1226 2223 1266 2303 τῷ
1284 2215 1309 2280 d'
1326 2219 1373 2280 ἐπὶ

181 2323 305 2392 dixisss-
331 2318 531 2400 Πουλυδάμας
555 2320 786 2402 ἐγχέσπαλος
808 2309 899 2398 ἦλθεν
922 2316 1062 2400 ἀμύντωρ
1087 2320 1128 2400 (Ξ
1147 2323 1237 2401 449);
1262 2327 1292 2380 Σ
1313 2331 1373 2384 249

222 2396 264 2450 λος
327 2434 442 2501 autem,
474 2447 540 2486 oum
570 2427 690 2486 tandem
720 2426 880 2505 aliquando
911 2425 1001 2498 longo
1024 2425 1077 2484 illo
1100 2427 1214 2504 proelio
1239 2429 1374 2487 coniecto

327 2529 449 2588 Troiani
473 2529 630 2588 eonsilium
652 2528 767 2588 laniunt
782 2528 1014 2607 deliberantque,
1037 2534 1138 2586 utrum
1154 2530 1208 2586 sub
1224 2529 1292 2590 divo
1309 2549 1375 2606 per·

328 2637 452 2692 noetent
482 2651 518 2690 an
550 2633 581 2689 in
606 2633 708 2689 urbem
736 2631 875 2702 redeant,
907 2635 986 2688 tum:
1019 2633 1095 2688 τοῖσι
1118 2626 1148 2688 δὲ
1174 2625 1375 2706 Πουλυδάμας

165 2730 569 2806 πεπνυμένοςπεπνυμένος
591 2719 655 2810 ἦρχ’
678 2725 838 2809 ἀγορεύειν.
873 2733 898 2790 si
922 2732 1039 2809 saepius
1066 2753 1158 2790 unum
1187 2753 1224 2792 ex
1253 2733 1301 2792 his
1331 2741 1375 2792 at·

328 2837 449 2897 tributis
472 2835 681 2915 Polydamanti
703 2836 866 2908 inderetur,
889 2835 942 2895 vix
965 2843 1025 2894 tam
1047 2835 1198 2894 subtiliter
1219 2842 1322 2912 poetas
1339 2856 1375 2895 ea

328 2940 521 2998 distinetnros
552 2940 644 2997 luisse
675 2938 821 3012 arbitror,
853 2938 993 3017 quoniam
1024 2943 1087 2996 tum
1111 2938 1196 2997 lieret
1218 2937 1375 3016 epitheton

329 3049 520 3119 perpetuum
545 3043 594 3099 sed
617 3041 729 3114 legitur
750 3047 909 3120 utrumque
934 3041 1032 3101 semel.
1064 3042 1188 3099 eandem
1204 3042 1241 3099 ob
1258 3061 1376 3101 oausam

184 3142 308 3211 ἐγχέσπα-
329 3143 418 3203 etiam
442 3149 529 3202 erunt
552 3144 603 3222 qui
627 3143 762 3204 consulto
785 3150 888 3221 poetas
911 3146 1037 3202 Martem
1064 3143 1164 3202 0605
1190 3139 1376 3222 ἐγχέσπαλον,

225 3215 267 3270 λος

185 3277 309 3340 λαοσσόος
330 3247 356 3302 Ρ
375 3251 436 3305 898
460 3239 603 3304 λαοσσόον
625 3246 793 3322 appellasse
816 3248 1007 3306 contendant.
1041 3265 1110 3305 nam
1132 3247 1164 3304 in
1187 3245 1287 3308 verbis
1311 3245 1377 3321 μαλ-

329 3368 394 3408 vero
418 3342 443 3406 δ’
467 3341 609 3426 (Ἕκτωρ)
635 3340 675 3418 aie
697 3340 739 3408 ἀν’
753 3341 847 3425 ”Anne
870 3346 1045 3428 ἐγχέσπαλος
1061 3341 1081 3425 ή
1096 3341 1183 3408 ὀλοόν
1199 3351 1260 3426 πῦρ
1277 3343 1377 3428 οὔρεσι

330 3450 466 3528 μαίνηται
490 3451 532 3530 (0
547 3455 607 3510 605
622 3451 678 3531 sq.)
700 3452 855 3528 epitheton
879 3445 1023 3522 λαοσσόος
1044 3453 1098 3514 vix
1120 3459 1222 3529 aptum
1244 3455 1377 3512 futurum

329 3556 435 3640 fuisse,
472 3557 551 3634 quod
574 3575 712 3634 pugnans
735 3556 850 3616 Hector
879 3555 984 3615 melius
1015 3576 1081 3614 oum
1103 3557 1201 3614 Marte
1224 3561 1377 3632 pugnante

330 3676 417 3736 quam
440 3658 619 3717 adhortante
643 3667 841 3735 comparetur.
873 3667 975 3718 rursus
999 3660 1024 3715 P
1044 3664 1104 3716 398
1136 3654 1212 3735 (περὶ
1237 3649 1263 3715 d'
1284 3652 1379 3716 αὐτοῦ

330 3759 428 3834 μοόλος
450 3753 557 3836 ὀριόρει
580 3752 698 3838 ἀγριος·
723 3749 796 3819 etot
817 3753 844 3820 κ’
858 3754 952 3838 ’Ἁριγς
969 3753 1112 3829 λαοσσόος
1128 3755 1200 3819 οὐδέ
1214 3753 1242 3818 κ’
1263 3752 1378 3837 Ἀθήνη

330 3853 433 3939 τόνγε
457 3854 551 3920 ἰδοῦά
571 3856 721 3933 ὀνόσαιτο)
746 3865 924 3923 sententiam
941 3865 1019 3922 esse:
1042 3863 1187 3923 tumultus
1209 3869 1269 3922 tam
1292 3865 1378 3921 ferox

331 3964 455 4036 exarsit,
478 3970 512 4024 ut
534 3985 572 4024 ne
593 3965 821 4026 bellicosissima
845 3967 964 4046 quidem
987 3967 1126 4044 numina,
1157 3967 1179 4024 si
1204 3965 1377 4038 adfuissent,

332 4087 399 4126 eum
430 4087 539 4143 augere
573 4068 764 4146 cupivissent.
789 4104 827 4112 -
859 4069 987 4150 denique
1019 4069 1202 4130 haerendum
1234 4088 1293 4126 non
1324 4072 1378 4142 est,

180 4162 325 4236 ἀπερμενής
336 4189 403 4228 oum
425 4169 511 4229 nobis
527 4177 646 4247 praeter
662 4161 817 4248 ἀπιρμινέι
834 4178 889 4243 (α)
908 4171 1057 4248 Κρονίωνι
1074 4169 1143 4252 (all
1161 4169 1209 4230 6ἱθε
1219 4169 1247 4248 ¹)
1269 4170 1379 4231 lentum

63 4360 65 4365 μ
181 4268 317 4338 dolobella
336 4271 390 4345 bis,
414 4275 515 4331 9889
539 4279 568 4331 et
594 4272 622 4329 Φ
641 4278 715 4346 184,
738 4269 907 4350 ἐρισθενέος
930 4271 1119 4356 ΚρονίωνοςΙ
1143 4274 1280 4334 oaourrit.
1311 4293 1380 4332 nam

333 4374 537 4383 ——-...--

402 4404 1109 4473 mmmmmmnmfflmssm
