3192 4974
670 421 861 485 ,3-

240 590 347 651 cidisse
370 591 444 650 mihi
461 591 594 651 videtur:
617 593 780 650 Homerum
803 611 1019 670 nonnunquam
1041 593 1130 652 nimis
1153 597 1288 670 angustis

239 694 349 752 finibus
372 699 489 752 coercet
512 701 541 752 et
556 695 588 752 in
604 693 777 752 universum
800 693 921 753 nimiam
936 696 1024 753 metri
1039 697 1101 756 vim
1117 697 1173 754 sibi
1190 697 1287 772 fingit.

240 795 335 855 credit
359 797 452 867 enim,
487 815 664 875 quamquam
689 801 793 854 contra
815 796 999 855 Grnmmium
1023 797 1064 875 (v.
1087 819 1116 876 p.
1135 799 1208 877 560)
1231 801 1289 860 hoc

239 905 342 974 negat,
375 918 413 956 ex
436 898 638 975 compluribus
669 899 843 975 synonymis
874 919 991 974 semper
1017 921 1109 959 unum
1133 921 1197 960 esse
1219 922 1287 978 prc-

237 1001 344 1079 prium,
369 1007 467 1060 cetera
491 1001 576 1059 metri
596 1000 645 1058 vel
662 1000 830 1076 euphoniae
853 1019 941 1059 causa
956 1003 1126 1064 ‚substituta
1147 1003 1189 1080 (p.
1203 1005 1286 1082 535).

239 1105 356 1182 quade
379 1123 468 1162 causa
490 1103 608 1180 saepius
631 1101 771 1160 traditam
792 1102 952 1162 lectionem
976 1104 1108 1178 corrigit,
1131 1106 1214 1165 velut
1236 1127 1285 1163 κο-

238 1202 307 1280 νέης
330 1199 379 1262 droi
402 1197 614 1287 χαλκοπαρῄου
636 1205 692 1281 (Μ
715 1207 781 1276 183,
807 1205 923 1276 Ρ294,
950 1207 978 1262 Υ
998 1207 1073 1283 397)
1095 1207 1127 1264 in
1151 1201 1288 1282 κόρυθος

238 1305 265 1365 d:
281 1327 306 1382 χ.
331 1307 367 1384 (ω
385 1307 484 1384 5231).
530 1308 580 1366 sed
604 1306 774 1384 euphoniae
797 1313 1004 1380 argumentum
1027 1309 1117 1367 nimis
1139 1309 1286 1370 lubricum

237 1415 291 1483 est,
315 1429 373 1489 quo
397 1410 446 1488 qui
471 1416 594 1468 utentur
615 1407 766 1467 rarissime
788 1408 870 1468 inter
892 1430 923 1467 se
947 1411 1146 1470 consentient.
1179 1411 1230 1484 ita,
1253 1419 1286 1471 ut

237 1511 384 1571 dubitatio
415 1513 511 1570 omnis
541 1511 733 1583 excludatur,
765 1511 801 1568 de
824 1511 881 1569 hac
902 1530 935 1570 re
959 1511 1036 1570 nihil
1059 1513 1285 1586 demonstrabis,

237 1613 295 1672 nisi
314 1633 412 1686 voces,
436 1631 511 1693 quae
534 1618 665 1672 mutatae
681 1601 822 1671 videntur
837 1633 910 1685 esse,
933 1619 985 1671 cut
1001 1615 1118 1691 saepius
1134 1615 1167 1673 in
1184 1616 1286 1675 eadem

236 1735 342 1776 versus
373 1717 442 1774 sede
471 1716 613 1789 leguntur
640 1721 693 1773 aut
722 1733 787 1772 eum
810 1713 877 1772 eliis
899 1715 1087 1794 frequentius
1110 1715 1286 1777 coniunctae

238 1817 322 1897 quasi
345 1817 377 1876 in
400 1836 491 1876 cnam
513 1818 666 1876 notionem
689 1816 872 1888 coaluerunt,
895 1823 947 1874 ant
964 1817 1100 1896 denique,
1124 1819 1149 1877 si
1165 1825 1286 1896 praeter

237 1939 340 1980 vocem
364 1940 431 1980 raro
454 1920 562 1980 lectam
585 1919 644 1977 clia
660 1905 861 1977 usitatissima
883 1923 990 1979 exstat.
1023 1921 1159 1998 exempla
1181 1922 1284 1982 affero.

236 2023 410 2101 saepissime
438 2029 508 2082 ante
539 2021 575 2080 V.
598 2021 704 2100 pedem
735 2021 857 2098 ponitur
886 2013 1081 2098 μεγαθύμου,
1113 2024 1285 2100 saepissime

235 2125 347 2184 ibidem
370 2117 586 2202 μεγαλήτορος,
610 2123 829 2199 significatione
853 2123 971 2197 eadem,
995 2143 1049 2199 per
1070 2118 1199 2184 metrum
1221 2127 1283 2202 ple·

234 2247 361 2308 rumque
384 2228 491 2286 mutari
517 2247 576 2286 non
599 2229 738 2303 possunt:
761 2225 821 2284 iam
843 2229 976 2302 apparet,
1000 2245 1053 2285 cur
1067 2232 1172 2304 poetae
1188 2231 1284 2288 varia·

234 2330 345 2390 verint.
389 2321 466 2390 ‘vela
489 2319 675 2388 eontrahere'
696 2328 728 2386 in
745 2327 876 2386 Homero
899 2347 1016 2405 sempor
1038 2333 1084 2386 est
1106 2325 1182 2386 λστία
1206 2328 1281 2388 ortl-

233 2434 307 2506 λεια,
330 2453 390 2490 uno
412 2433 492 2505 loco,
517 2433 546 2489 A
569 2437 646 2504 433,
671 2427 748 2488 ἱστία
771 2425 955 2489 στέλλεσθαττ
984 2449 1056 2488 num
1080 2448 1149 2489 casu
1171 2433 1282 2492 factum

233 2545 335 2612 putas,
369 2541 403 2594 ut
432 2537 460 2592 h.
482 2535 502 2594 l.
534 2533 665 2594 activum
696 2519 792 2591 metro
822 2531 1019 2591 excludatur?
1053 2533 1152 2592 sexies
1183 2535 1282 2595 decies

233 2637 438 2714 πτολίπορθος
459 2637 601 2710 legimus,
635 2635 681 2693 bis
703 2625 938 2711 πτολιπόρθιοςτ
970 2633 1060 2692 etiam
1083 2635 1163 2694 hane
1184 2627 1281 2700 reric·

232 2745 324 2797 tatem
348 2760 385 2798 ex
407 2745 502 2798 metro
533 2743 669 2814 repetere
699 2737 786 2812 pauci
816 2736 1004 2796 dubitabunt.
1039 2738 1168 2796 concedo
1192 2740 1282 2800 otiam

232 2841 304 2900 alibi
327 2841 458 2900 metricis
481 2842 517 2899 de
541 2841 637 2899 causis
659 2841 752 2900 verba
773 2839 831 2911 ita,
862 2843 896 2896 ut
917 2821 1061 2912 legimus,
1079 2839 1187 2900 ‘electa
1216 2860 1281 2900 esse

232 2963 331 3020 posse;
355 2945 406 3002 sod
422 2943 600 3002 coniecturis
615 2941 693 3000 nihil
709 2941 888 3018 proficimus,
911 2941 1034 3012 atinde,
1059 2943 1137 3020 q'uod
1153 2943 1281 3002 fortasse

232 3047 376 3124 quaedam
402 3067 480 3117 vox,
510 3045 593 3106 velut
624 3037 691 3116 ἃλς,
724 3064 789 3102 cum
819 3043 880 3102 alia
907 3043 1013 3102 similis
1043 3043 1280 3118 significationis,

231 3148 315 3208 velut
336 3141 490 3218 θάλασσα,
513 3146 545 3206 in
568 3167 658 3207 versu
681 3145 856 3204 commutari
879 3166 940 3204 non
963 3151 1076 3222 potest,
1100 3147 1196 3206 solnm
1219 3168 1280 3207 me·

231 3255 311 3309 trum
333 3257 440 3328 poetae
461 3253 493 3308 in
517 3250 635 3308 delectu
658 3268 791 3308 normam
813 3247 906 3307 fuisse
923 3231 1100 3308 concludere
1122 3249 1280 3308 admodum

230 3355 422 3412 temerarium
443 3353 557 3412 iudico:
581 3352 652 3432 quid
672 3353 780 3426 obstat,
802 3371 840 3410 ne
863 3372 902 3410 ox
924 3351 1125 3428 compluribus
1148 3372 1280 3432 synony-

230 3455 296 3528 mis,
320 3476 396 3536 quae
412 3456 438 3514 ei
455 3457 661 3533 suppetebant,
685 3454 716 3512 id
731 3455 762 3512 in
780 3453 858 3534 quod
881 3453 1010 3529 primum
1032 3453 1138 3513 incidit
1160 3459 1280 3530 poetam

230 3558 394 3634 arripuisse
425 3579 462 3618 ex
496 3577 590 3638 eoque
625 3562 724 3616 cetera
753 3557 844 3617 verba
873 3553 1056 3616 modulatum
1085 3575 1149 3614 esse
1178 3557 1280 3615 creda·

229 3657 315 3718 mus?
346 3679 385 3719 an
407 3681 440 3720 re
463 3679 535 3720 vera
557 3659 680 3718 difficile
703 3659 731 3718 ei
753 3660 888 3717 futurum
916 3657 1010 3716 fuisse
1041 3657 1214 3734 putabimus
1235 3658 1279 3717 ita

229 3783 349 3823 versum
371 3764 573 3836 conformare,
595 3769 643 3833 ut,
666 3761 718 3820 ubi
740 3779 820 3820 nunc
843 3751 897 3828 ὅτ’λς
918 3760 1052 3846 λοςίλαῃ
1075 3759 1118 3819 ibi
1142 3752 1279 3819 θάλασσα

228 3865 393 3939 legeretur,
426 3866 476 3924 ubi
500 3884 580 3924 nuno
602 3857 756 3934 θάλασσα,
786 3863 830 3922 ibi
852 3855 922 3932 ἅλςέ
945 3882 1021 3936 nego
1043 3861 1137 3936 igitur
1158 3863 1191 3920 in
1215 3863 1279 3922 eius

228 4069 421 4129 tribuendum
450 4071 497 4142 sit,
529 4069 646 4128 definiri
669 4088 765 4146 posse.
809 4069 888 4126 hano
910 4086 981 4127 vero
1003 4066 1099 4142 ipsam
1121 4065 1278 4125 libidinem

228 4171 418 4232 Duentnerus
440 4179 502 4232 tam
524 4173 717 4233 vehementer
739 4175 902 4244 aversatur,
925 4173 960 4228 ut
981 4187 1195 4248 nonnunquam
1217 4173 1278 4228 tra-

230 4276 293 4335 dita
314 4276 408 4336 verba
435 4281 489 4336 aut
511 4273 661 4349 corrigere
691 4281 744 4334 ant
768 4276 906 4333 contorta
936 4269 1087 4349 explicare
1116 4269 1213 4346 malit3
1247 4275 1279 4330 et
