3192 4974
617 471 830 538 „15-

200 637 244 707 υἷι
266 644 373 724 dccccv)
404 667 471 706 cum
493 647 586 708 schol.
610 648 799 708 scribendum
821 667 886 708 esse
909 667 1025 707 censeo.
1069 643 1249 726 λευκωλένου
1259 652 1410 716 λευκώλενος

191 743 313 830 Ἥρης]
342 751 444 828 hymn.
468 751 485 808 I
508 754 546 808 95
571 743 691 828 (νόσφιν
713 753 737 809 λ.
754 744 825 828 Ἥ)
855 755 924 827 poet
951 771 968 807 ν
991 747 1088 823 ἔφελκ.
1117 751 1250 827 ponitur,

200 853 372 932 ceteroquin
398 872 500 910 omnes
517 871 601 910 casus
624 859 676 912 aut
696 858 766 930 post
782 872 943 912 consonam
966 859 1018 911 aut
1039 858 1109 930 post
1130 853 1250 928 longam

199 955 342 1026 vocalem,
364 946 571 1030 χρυσόθρονος
584 945 688 1032 Ἥρηή
713 973 773 1012 non
798 953 856 1013 nisi
880 961 949 1033 post
971 957 1093 1016 brevem
1115 956 1249 1016 vocalem
1266 955 1406 1027 χρυσόθρο-

200 1057 420 1134 producendam
443 1057 485 1135 (A
502 1060 572 1128 611,
596 1057 753 1130 genetivus
772 1057 797 1115 O
814 1059 854 1134 5).
889 1063 1045 1134 praeterea
1068 1061 1142 1118 heco
1164 1059 1249 1117 attri-
1315 1044 1355 1086 ⁹⁰⁶

201 1163 272 1218 buta
295 1166 364 1217 autc
388 1159 422 1216 V.
445 1159 552 1234 pedem
575 1157 772 1232 collocentur,
795 1154 977 1218 λευκωλένου
999 1161 1072 1218 item
1094 1168 1163 1238 post
1183 1161 1249 1219 lon-

200 1280 267 1336 gam
290 1261 423 1321 vocalem
446 1261 583 1339 hymn.I
607 1265 657 1338 99,
681 1254 886 1339 χρυσόθρονος
915 1282 988 1322 vero
1012 1257 1040 1326 Ξ
1061 1265 1119 1323 153
1143 1269 1212 1340 post
1233 1282 1250 1319 ν

200 1361 310 1436 ἐφελκ,
337 1365 415 1444 quod
438 1363 506 1422 addi
530 1383 604 1441 opus
627 1385 687 1423 non
711 1370 782 1438 erat,
807 1365 852 1422 bis
875 1370 944 1441 post
964 1365 1085 1439 longam
1107 1366 1249 1438 vocalem,

199 1469 230 1526 h.
247 1466 281 1524 11
299 1465 358 1524 127
383 1463 447 1543 (καλ
462 1485 533 1524 ποτε
549 1461 692 1541 δεξαμένη
714 1459 922 1546 χρυσοθρόνου
944 1463 1067 1544 ἔτρεφεν
1080 1460 1197 1545 Ἥρης)
1220 1472 1250 1525 et

200 1570 229 1627 h.
245 1569 342 1627 XIII
370 1560 486 1645 (Ἥρην
509 1561 599 1626 celte
620 1561 828 1645 χρυσόθρονον
836 1615 844 1644 ,
872 1561 910 1644 ήν
931 1565 996 1628 τόκε
1017 1560 1113 1648 Ῥείη).
1146 1570 1179 1628 in
1201 1569 1250 1628 his

200 1671 313 1730 ultimis
336 1671 430 1744 igitur
451 1671 631 1748 hymnorum
659 1670 733 1730 locis
755 1672 786 1729 id
810 1674 888 1752 quod
914 1673 1001 1730 modo
1025 1673 1116 1730 statui
1139 1673 1172 1731 in
1193 1691 1250 1731 usu

199 1776 307 1832 horum
322 1773 524 1848 epithetorum
548 1772 707 1832 discrimen
730 1793 790 1831 non
814 1778 965 1846 servetur3
990 1776 1068 1854 quod
1083 1795 1156 1833 num
1170 1775 1249 1833 forte

200 1895 265 1934 eam
281 1875 515 1951 explicationem
530 1877 631 1948 hebet,
654 1881 689 1933 ut
703 1877 883 1953 hymnorum
900 1879 1037 1935 auctores
1057 1877 1118 1936 iem
1135 1884 1249 1936 utrum·

201 1997 258 2057 que
281 1977 424 2036 traditum
446 1977 596 2054 accepisse
619 1977 767 2051 dieamus,
801 1977 906 2036 Iliadis
927 1998 999 2038 vero
1023 1979 1118 2038 solum
1140 1972 1247 2037 lecaci-

199 2083 280 2147 λενος
303 2086 334 2138 et
355 2086 450 2138 metro
466 2079 595 2158 denique
618 2085 736 2138 coactos
766 2079 840 2138 illud
863 2080 991 2138 alterum
1014 2079 1183 2139 addidisse?
1207 2113 1248 2124 -

200 2174 340 2258 ἒκόεργος
361 2172 526 2263 ἈπόλλωνΙ
550 2201 667 2259 semper
688 2188 758 2260 post
778 2181 899 2256 longam
921 2183 1056 2243 vocalem
1077 2183 1127 2243 vel
1143 2203 1247 2242 conso·
1272 2201 1395 2269 excep<

201 2305 268 2344 nam
284 2283 420 2360 legimus,
443 2303 594 2364 nunquam
616 2283 720 2343 littera
735 2305 794 2346 vau
818 2285 916 2346 brevis
932 2285 1045 2346 vocalis
1067 2287 1248 2346 antecedens

199 2387 385 2464 producitur.
418 2387 478 2445 iam
501 2388 605 2446 confer
633 2378 794 2446 Ἀπόλλωνι
823 2383 975 2464 λυκηχενέι
1003 2381 1183 2469 κλυτοτόξῳι
1206 2389 1250 2466 (Δ

203 2491 259 2546 101
273 2515 317 2539 =
332 2491 412 2564 119),
434 2478 595 2548 Ἀπόλλωνι
610 2487 668 2567 (α)
690 2484 856 2571 κλυτοτόξῳ
873 2488 963 2569 (-ov)l
988 2488 1025 2567 (φ
1042 2489 1112 2564 267,
1139 2489 1247 2568 055):
1257 2508 1406 2571 χχυτότςξος

200 2609 300 2648 nonne
331 2611 369 2650 ex
391 2590 523 2651 metricis
552 2591 720 2650 rationibus
752 2593 831 2650 hanc
862 2592 1124 2652 commutationem
1153 2593 1248 2671 expli-

198 2694 322 2751 candam
338 2701 403 2752 esse
418 2693 607 2752 menifestum
624 2693 690 2752 est?
713 2713 805 2774 quare
822 2701 977 2771 suspectus
993 2694 1068 2752 mihi
1084 2699 1129 2753 est
1152 2715 1169 2772 ρ
1186 2700 1247 2754 494

200 2786 279 2872 (αἴθ’
300 2789 396 2864 οὕτως
418 2787 512 2854 αότόν
535 2810 566 2852 σε
589 2789 674 2872 βόλον
698 2789 873 2866 κλυτότοξος
894 2789 1043 2854 Ἀπόλλων
1069 2817 1125 2874 pro
1148 2789 1248 2875 ἕκόερ·

199 2919 250 2976 χος
264 2891 330 2975 Ἀ),
347 2903 377 2957 et
392 2900 469 2958 bene
485 2897 602 2970 accidit,
619 2900 700 2978 quod
711 2919 772 2958 non
783 2899 870 2958 modo
883 2899 1090 2958 Kirohhoffius
1105 2900 1142 2957 ed
1158 2903 1247 2977 ρ492

199 3001 278 3060 hanc
305 3007 423 3079 partem
452 3001 651 3060 recentiorem
679 3001 793 3062 iudicat
821 3020 910 3080 quam
932 3002 1050 3080 relique
1072 3002 1180 3082 quibu's
1200 3001 1248 3060 in-

200 3109 280 3162 serte
295 3110 349 3177 est,
373 3105 425 3162 sed
441 3104 530 3163 etiam
545 3104 794 3166 Wilemowitaius
816 3127 846 3183 p.
863 3105 953 3184 441).
983 3105 1041 3164 alia
1057 3109 1156 3164 eutem
1170 3105 1247 3164 ratio

199 3207 281 3265 inter
301 3199 426 3282 Ἀχιλλήι
442 3207 499 3285 (-α)
522 3199 662 3284 ῥηξήνορι
686 3205 743 3286 (-α)
766 3212 797 3266 et
817 3199 961 3283 Ἀχιλλεός
1056 3199 1249 3286 δουρικλυτός
1275 3219 1393 3291 illim?

200 3309 377 3383 intercedit;
407 3327 477 3366 nam
506 3328 573 3367 cum
603 3301 745 3386 ῥηξήνορι
775 3329 892 3388 semper
915 3327 1045 3368 consona
1073 3308 1248 3388 excipiatur,
1271 3312 1399 3391 δουρικλυ-

200 3431 354 3492 nunquem
383 3405 577 3490 δουρικλυτός
603 3410 636 3470 in
666 3411 763 3472 locum
787 3413 851 3472 eius
873 3413 1030 3472 succedere
1051 3415 1160 3490 potest.
1193 3430 1249 3470 nec
1314 3394 1360 3437 τος

200 3513 344 3573 Mercurii
376 3514 522 3574 attributa
551 3506 752 3592 χρυσόρραπις
775 3520 806 3574 ct
830 3507 993 3588 Κυλλήνιος
1022 3514 1087 3572 sine
1110 3514 1248 3574 cautione
1264 3520 1402 3590 χρυσόρρα-

201 3617 329 3696 quadem
361 3617 421 3675 huo
454 3617 610 3675 referenda
644 3623 722 3676 sunt.
765 3637 836 3675 nam
869 3609 1036 3690 Κυλλήνιος
1064 3616 1183 3674 demum
1214 3615 1246 3675 in
1314 3608 1356 3694 m}

199 3718 320 3796 hymnis
343 3719 461 3795 saepius
482 3718 601 3792 legitur,
624 3737 776 3798 nunquam
799 3718 901 3778 necin
917 3717 1011 3776 Iliade
1034 3738 1088 3778 neo
1103 3718 1136 3776 in
1152 3719 1248 3796 Odys·
1262 3679 1404 3744 mmm

200 3839 260 3898 sea,
283 3826 407 3898 excepto
430 3841 520 3882 versu
541 3821 746 3880 recentissimo
768 3843 791 3879 οι
807 3827 838 3881 l:
858 3811 972 3898 Ἑρμῆς
994 3815 1025 3878 δὲ
1048 3813 1148 3896 ψυχός
1172 3821 1248 3878 Κυλ-

200 3915 302 3998 λήνιος
332 3919 500 3994 ἐξεκαλεῖτο.
536 3944 628 4004 quere
650 3923 817 3983 mirandum
845 3943 906 3983 non
930 3927 975 3982 est
1005 3942 1065 3982 non
1088 3923 1131 3980 eis
1153 3922 1249 3982 solum

199 4027 275 4086 locis
305 4019 506 4106 χρυσόρραπις
534 4028 664 4105 positum
694 4047 773 4102 esse,
808 4027 860 4088 ubi
885 4019 1050 4102 Κυλλήνιος
1078 4029 1173 4085 metro
1202 4044 1249 4084 re·

269 4331 294 4401 1)
313 4334 343 4382 de
361 4333 476 4394 epithetis
493 4329 652 4401 ἑκατηβόλος
669 4339 695 4383 et
711 4330 853 4402 χρυσάορος
869 4349 894 4382 v.
913 4348 933 4382 s.
952 4333 993 4382 fin.
1012 4333 1064 4380 hui.
1081 4346 1135 4393 esp.

1012 4454 1027 4502 2
