3192 4974
314 1645 401 1742 Tris
422 1679 564 1754 indagare
586 1679 661 1739 mihi
683 1679 843 1759 proposui:
872 1679 1017 1758 primum,
1048 1699 1125 1760 quae
1147 1679 1195 1742 vis
1216 1701 1277 1740 me·

228 1781 312 1840 tricis
341 1781 509 1842 rationibus
538 1782 572 1841 in
595 1783 738 1861 epithetis
767 1782 921 1842 nominum
941 1781 1133 1860 propriorum
1155 1783 1192 1840 ob
1214 1781 1278 1842 Hc-

228 1883 347 1942 mericis
368 1884 466 1962 poetis
482 1884 584 1945 electis
606 1885 767 1945 tribuendo
789 1885 836 1959 eit,
860 1884 976 1958 deinde,
1001 1884 1110 1964 quibus
1124 1883 1199 1942 locis
1215 1883 1278 1960 epi-

227 1987 312 2044 theto
333 2005 351 2044 c
373 1987 462 2045 solite
483 1986 552 2045 sede
573 1991 689 2046 remote
710 1986 780 2060 sint,
799 1986 937 2066 denique,
961 1985 1013 2044 ubi
1035 2005 1106 2045 usus
1129 1973 1279 2064 epitheto·

227 2107 293 2147 rum
315 2087 441 2148 vitiosus
464 2107 529 2148 esse
550 2089 698 2150 videatur.
742 2088 815 2151 novi
843 2088 938 2163 igitur
966 2107 1027 2147 non
1057 2087 1184 2146 multum
1206 2086 1278 2146 effe·

227 2208 300 2263 rem,
323 2209 391 2250 oum
412 2191 492 2249 houd
514 2209 609 2270 peuce
630 2191 691 2250 ium
713 2193 752 2251 cb
773 2191 842 2251 uliis
865 2190 1020 2251 occasione
1035 2191 1106 2250 dcte
1121 2192 1279 2252 observatu

228 2291 302 2366 sint;
325 2293 376 2351 sed
398 2294 565 2366 nonedam,
588 2295 667 2374 qnod
685 2293 822 2367 viderim,
845 2295 924 2354 hunc
943 2313 1009 2353 rem
1030 2293 1081 2354 sis
1101 2311 1138 2353 uc
1158 2293 1278 2353 retioue

229 2400 357 2454 tractore
372 2401 496 2454 conotus
512 2399 566 2456 est.
600 2415 693 2478 quere
714 2397 745 2454 id
768 2397 891 2472 aggredi
913 2395 1055 2458 constitui
1078 2401 1116 2470 et,
1139 2401 1174 2456 ut
1188 2396 1279 2456 index

229 2515 317 2576 quem
345 2496 598 2574 locupletissimus
629 2500 783 2573 erederet,
817 2499 883 2576 ipse
914 2519 1017 2558 omnes
1047 2497 1129 2557 locos
1161 2497 1278 2572 collegi,

229 2599 369 2678 quonism
397 2600 430 2658 in
453 2600 604 2675 Ebelingii
632 2601 729 2662 lexico
757 2601 867 2661 multoe
897 2602 987 2660 etism
1008 2600 1057 2661 vel
1085 2600 1278 2674 corrigendos

228 2702 278 2762 vel
300 2703 449 2762 addendes
473 2703 521 2764 vel
542 2703 684 2764 delendos
715 2724 780 2764 csse
803 2704 980 2784 quibusdum
1008 2702 1132 2765 vocibus
1161 2701 1279 2762 collutis

228 2804 304 2862 mihi
325 2824 541 2882 percusseram.
585 2807 692 2886 quodsi
721 2812 823 2867 temen
850 2809 930 2867 forte
960 2806 1121 2866 nonnullos
1150 2825 1278 2866 comme·

229 2925 344 2968 morere
367 2907 462 2982 omisi,
485 2891 604 2970 venium
626 2909 856 2987 impetraturum
877 2929 925 2968 me
941 2927 1005 2968 esse
1020 2928 1056 2968 eo
1071 2907 1166 2983 magis
1181 2926 1278 2985 spero,

230 3009 309 3087 quod
330 3030 363 3069 re
386 3030 458 3072 vers
479 3010 512 3070 in
534 3011 682 3090 exemplis
711 3031 772 3072 ncn
802 3011 980 3089 simpliciter
1002 3010 1194 3086 colligendis,
1226 3011 1278 3070 sed

227 3111 308 3172 inter
329 3132 361 3172 se
376 3114 582 3190 comparandis
604 3115 693 3174 facile
714 3114 782 3174 fleri
804 3119 911 3194 potest,
933 3118 969 3173 ut
990 3113 1109 3188 singule
1132 3131 1277 3193 quaeren-

228 3213 304 3273 tium
326 3215 428 3275 oculos
449 3216 577 3291 fugiunt
621 3217 802 3295 perlustravi
831 3223 930 3276 eutem
958 3221 1079 3293 prostes
1099 3213 1226 3275 Eisdem
1248 3218 1279 3274 et

230 3314 393 3396 Odyseesm
420 3319 550 3398 hymnos
582 3337 702 3399 quoque
733 3319 910 3379 Homericos
942 3324 972 3378 et
1001 3319 1170 3392 fingmento
1200 3317 1278 3395 epici

114 3447 124 3472 e
151 3453 160 3467 ›
230 3419 322 3497 cycli,
345 3420 423 3479 sicut
444 3440 538 3491 nuno,
561 3427 720 3501 postquam
742 3421 993 3484 Wilcmowitziue
1014 3420 1046 3479 in
1069 3419 1166 3492 libro,
1190 3438 1279 3497 quem

230 3521 386 3601 inscripsit
403 3512 609 3583 ‘Homerische
624 3515 916 3598 Untersuchungen',
938 3522 1055 3600 epicum
1078 3521 1195 3600 cyclum
1217 3540 1278 3580 non

228 3625 328 3683 miuus
348 3624 445 3684 Iliade
475 3631 506 3684 et
527 3625 661 3704 Odyssea
687 3617 903 3686 ‘Homericum’
937 3645 1002 3684 esse
1032 3624 1203 3686 certissime,
1227 3624 1278 3682 de·

230 3728 423 3801 monstravit,
446 3727 568 3787 omnino
591 3724 792 3789 neceesarium
814 3734 875 3803 est3
904 3734 1060 3805 praetereo
1081 3727 1195 3837 cpntuli
1217 3728 1279 3786 He·

231 3829 348 3889 sicdum
370 3850 409 3890 ex
431 3849 535 3910 eoque,
563 3849 640 3911 quoe
661 3831 737 3890 mihi
758 3831 965 3891 memorabilis
986 3829 1175 3903 videbuntur,
1203 3849 1276 3890 euo-

229 3933 302 3995 tesi.

314 4037 352 4094 In
364 4035 465 4097 verbis
480 4035 641 4096 efferendis
655 4056 726 4097 usus
741 4057 807 4098 sum
819 4035 926 4096 Iliodis
936 4039 968 4094 et
980 4035 1131 4113 Odysseae
1147 4033 1279 4094 editione

229 4138 419 4213 Nouellum,
450 4140 632 4218 hymnorum
653 4139 925 4213 Boumeistericnc,
957 4137 1036 4215 epici
1065 4137 1143 4216 cycli
1164 4137 1279 4197 Kinke-

228 4241 319 4316 liens,
340 4241 467 4302 Hesiodi
489 4240 672 4302 Ruschisnc.

653 4379 855 4390 ι-ι-ι--ι-ο-

1031 4473 1074 4529 1*
