3192 4974
765 430 978 498 ..25-

350 621 402 678 ρος
425 595 643 687 ιἰνὸροφόνοιοΙ
660 637 702 648 -
717 597 903 679 ἱπποδάμοιο
914 599 938 686 [ς
959 595 1084 681 Ἕκτορι
1100 602 1158 682 (οι)
1180 603 1400 688 χαλκοκορυστῇ

351 699 427 783 (νίν)
443 739 484 750 --
498 697 631 784 Ἕκτορα
647 700 774 780 ποιμένα
788 707 868 765 losio
878 701 902 790 1,·
925 699 1029 774 κλυτὸς
1045 702 1220 784 είνοοίγοιος
1235 739 1276 750 -·
1292 706 1399 784 κρείων

350 801 530 890 ίνοοίχθωνί
545 810 588 878 ¹);
621 805 736 884 βοῶπις
765 803 871 867 πότνια
894 841 932 852 -·
957 799 1016 866 θεοί
1038 800 1321 892 λευκοίλενοςἭρηΙ
1345 811 1400 889 (-

347 901 427 987 Ἥρη
531 902 605 980 Διὸς
628 903 724 988 κυδρή
752 904 943 993 ιτοροίκοιτιςΙ
976 911 1006 966 Σ
1029 914 1103 982 184,
1134 911 1206 972 Hes.
1228 911 1282 970 Th.
1307 913 1398 987 328);

352 1007 437 1081 Θέτις
467 1005 669 1096 ἆργυρόττεζοΙ
693 1047 735 1056 -
760 1009 882 1083 Θέτιδος
913 1008 1064 1092 (μητέρος)
1088 1055 1093 1070 .
1113 1056 1144 1070 ..
1169 1004 1396 1098 inuisiorem

351 1109 474 1192 Νίοτοιρ
486 1159 493 1172 .
506 1158 512 1173 .
528 1158 534 1174 .
550 1107 693 1191 Γερήνιος
705 1101 796 1193 οὖρος
810 1106 943 1199 Ἀχαιῶν,
956 1148 997 1160 -
1009 1109 1131 1190 Νίστωρ
1142 1114 1237 1192 (-οριι)
1252 1159 1258 1173 .
1273 1160 1279 1174 .
1295 1161 1301 1174 .
1314 1111 1397 1196 λιγιίς

350 1210 424 1296 (dv)
443 1215 563 1276 Πυλίων
576 1209 725 1294 ἀγορητής
737 1210 813 1295 (οἷν)
823 1215 862 1299 1³)
878 1221 932 1294 (—-
949 1211 1094 1295 Γερήνιος
1109 1210 1221 1275 sundro
1235 1214 1395 1303 Νέστορί).

349 1319 497 1396 imprimis
526 1325 626 1380 entem
655 1319 858 1380 memorabilis
880 1322 910 1378 A
927 1327 966 1379 86
997 1325 1058 1380 est:
1092 1313 1129 1378 οὗ
1152 1312 1194 1394 ριί
1216 1313 1271 1398 γὰρ
1293 1312 1397 1380 Ἀπόλ-

209 1425 317 1492 οιίφιλος
348 1423 425 1484 leve
448 1420 594 1496 διίφιλον,
625 1408 701 1504 ᾧτε
723 1416 777 1495 oei,
812 1415 946 1500 Κάλχαν,
977 1417 1135 1502 εὐχόμενος
1158 1423 1305 1482 Δαναοῖσι
1326 1428 1395 1484 θεο-

349 1523 481 1600 προπίας
502 1516 697 1598 ιίνοιφοιίνεις,
730 1526 781 1605 qui
804 1545 881 1586 unns
904 1535 950 1584 est
970 1525 1068 1598 loono,
1097 1524 1149 1584 nbi
1173 1525 1244 1584 dens
1266 1522 1397 1599 διίφιλος

349 1627 526 1706 appelletur.
565 1630 623 1688 hoo
652 1628 724 1708 quid
754 1628 862 1689 froiam
891 1629 1007 1704 ignoro.
1045 1627 1154 1687 mullos
1184 1629 1271 1689 video
1301 1647 1395 1706 preve

348 1731 577 1806 Naegelsboohii
601 1732 802 1810 explicatione
825 1738 981 1792 contentos
997 1750 1077 1790 esse:
1099 1720 1184 1788 'Dese
1201 1731 1315 1791 Homer
1337 1733 1394 1791 den

347 1834 477 1920 {Apollon
508 1832 563 1893 Διῒ
589 1834 677 1908 φίλον
694 1880 700 1893 .
719 1877 751 1894 ..
776 1839 888 1907 neoni,
919 1834 976 1896 wie
1007 1839 1091 1893 sonet
1121 1832 1202 1892 wohl
1233 1832 1395 1894 Mensohen

347 1938 403 2012 (vs.
422 1936 485 2012 74),
507 1939 580 1997 sber
602 1937 732 1998 niemels·
750 1938 838 1998 einen
856 1937 928 1996 Gott
944 1981 951 1995 .
967 1981 975 1996 .
993 1981 1011 2009 .,
1033 1936 1144 1995 beruht
1165 1937 1220 1993 enl
1238 1937 1305 1995 dem
1320 1937 1395 1997 Ver-

346 2040 474 2100 h'eltniss
503 2047 694 2114 ungestdrter
719 2041 876 2116 Einigksit
907 2041 969 2099 und
998 2038 1249 2100 unwendelbnren
1281 2039 1394 2100 Gehor·

347 2141 432 2228 ieme,
455 2142 488 2201 in
503 2143 648 2205 welehem
671 2144 736 2203 sioh
759 2145 811 2203 der
825 2144 950 2202 Diohter
972 2143 1029 2200 den
1054 2141 1135 2200 Sohn
1157 2159 1195 2200 nn
1219 2142 1285 2200 dem
1301 2142 1394 2202 Vetsr

347 2245 454 2322 donli,
483 2245 613 2306 welohes
643 2245 729 2305 dorin
758 2246 861 2305 seinse
885 2245 986 2322 Gipfel
1006 2246 1076 2318 nat,
1107 2245 1174 2302 does
1195 2244 1327 2320 Apollon
1350 2245 1394 2304 ele

346 2347 522 2429 Drakelgott
550 2348 693 2422 lediglioh
717 2349 818 2424 Orgen
840 2351 901 2407 und
924 2348 1057 2425 Prophet
1080 2347 1131 2405 des
1152 2348 1228 2406 Zone
1250 2341 1305 2408 ish'
1341 2349 1394 2407 sed

345 2451 417 2512 elibi
440 2453 498 2511 hoo
520 2453 698 2512 attributum
721 2453 757 2512 de
780 2451 902 2512 summis
924 2450 1076 2522 heroibus,
1096 2453 1130 2508 nt
1144 2449 1271 2524 Achille,
1295 2450 1391 2525 Ulixe,

344 2554 498 2627 Petronio,
530 2555 673 2614 nsiietum
703 2560 783 2616 osrte
814 2574 875 2614 non
907 2557 945 2613 ob
967 2573 1057 2613 onem
1080 2555 1228 2633 quendem
1249 2554 1392 2614 virtutem

344 2657 400 2716 hos
421 2656 503 2716 viros
525 2658 591 2718 Iovi
615 2677 699 2716 οιιτοε
728 2677 792 2716 esso
822 2657 985 2731 signifieat,
1018 2656 1070 2715 ssd
1092 2653 1214 2728 διίφιλοι
1238 2665 1392 2732 vooenlnr,

346 2759 424 2838 qnod
447 2778 465 2817 e
486 2761 577 2832 Iove,
608 2751 720 2821 ‘divum
750 2766 835 2837 petre
866 2766 956 2838 etque
985 2759 1140 2818 hominum
1162 2751 1267 2834 rege',
1295 2760 1393 2819 omnio

344 2881 538 2942 quascunque
561 2863 640 2921 bone
662 2863 835 2921 hominibus
851 2862 1031 2936 oontingunt
1045 2861 1190 2935 originem
1208 2862 1322 2938 sepisse
1337 2864 1392 2921 ho-

257 3027 260 3032 *
344 2963 440 3023 mines
469 2966 623 3043 putebant.
661 2965 767 3044 quodsi
790 2965 855 3026 'hoo
883 2965 949 3026 looo
982 2985 1042 3025 vox
1072 2965 1162 3024 eliier
1191 2964 1392 3040 intellegendo

345 3073 439 3138 esset,
471 3066 520 3127 vel
541 3066 572 3125 id
595 3069 633 3126 ab
656 3068 816 3127 Homerico
845 3068 987 3147 loquendi
1016 3086 1098 3126 more
1127 3068 1292 3140 resederet,
1325 3087 1392 3127 onm

344 3167 478 3245 epitheto
501 3188 561 3230 non
578 3169 636 3228 nisi
653 3170 819 3230 ornamenti
837 3189 926 3230 eones
948 3170 1016 3229 eddi
1040 3169 1163 3243 soleant,
1187 3170 1211 3228 si
1229 3189 1300 3232 vero
1318 3189 1390 3228 non·

344 3289 496 3349 nunqnam
518 3271 639 3348 proprie
663 3293 764 3332 eorum
788 3273 938 3332 sententie
960 3273 1123 3348 premendo
1145 3282 1205 3346 est,
1229 3272 1390 3350 explicatio

343 3373 481 3432 omnibns
503 3373 535 3433 in
558 3375 716 3453 propatulo
741 3375 789 3436 sit,
822 3375 924 3455 iisque
947 3375 1141 3435 difficultates
1172 3376 1229 3436 hoo
1251 3375 1316 3434 loeo
1339 3394 1390 3451 ps·

343 3491 547 3507 μ--α--ι-ι-

414 3542 439 3607 1)
457 3545 613 3592 Dnenlzerns
631 3545 662 3591 sd
680 3538 701 3599 Ξ
721 3547 770 3594 135
789 3545 919 3593 discrimen
937 3545 1001 3592 inter
1019 3546 1064 3593 hss
1082 3545 1200 3592 formulas
1219 3544 1318 3604 statuit,
1346 3545 1390 3592 sed

343 3643 398 3676 oum
416 3629 490 3678 editio
509 3629 562 3678 eins
579 3635 678 3689 prsesto
696 3631 756 3677 mihi
775 3645 825 3678 non
843 3631 891 3690 eit,
914 3631 1004 3679 indicio
1024 3630 1151 3679 abstineo:
1176 3645 1221 3691 ego
1239 3631 1335 3678 nullum
1352 3630 1389 3677 in-

342 3729 409 3764 vem.

412 3799 439 3864 2)
456 3799 500 3847 sed
517 3803 599 3860 potest
616 3814 678 3857 esse,
697 3805 724 3848 ut
741 3801 856 3861 genetivo
875 3794 1050 3866 ἀργυροπίζης
1067 3800 1102 3848 un
1118 3806 1205 3861 poetae
1222 3800 1337 3849 similiter
1347 3815 1389 3848 νο-

342 3887 383 3933 riti
409 3885 458 3933 sint
482 3889 555 3945 etque
573 3885 689 3945 genetivo
708 3878 860 3950 ὑπερμενέος
877 3883 1019 3949 Κρονίωνος
1041 3891 1065 3933 et
1082 3886 1167 3933 dativo
1185 3882 1309 3950 ίριοθενίι
1327 3883 1389 3949 Κρο-

342 3968 411 4022 νίωνι
423 4006 429 4018 .
443 3961 571 4034 ἠυκόμοιο
588 3975 669 4019 entem
686 3973 796 4019 ολοιιιιιίο
813 3988 900 4020 versus
917 3977 955 4020 eet
971 3972 1138 4020 usitatissime.

412 4059 439 4116 ³)
457 4061 482 4105 et
498 4059 522 4106 Δ
535 4058 584 4104 24⁷
597 4071 634 4116 sq,
653 4057 730 4116 (τοῖσι
748 4054 777 4109 δὲ
794 4054 904 4120 Νέστωρ
923 4050 1041 4120 ἡδυεπὴς
1058 4050 1181 4122 ἀνόρουσε
1198 4049 1268 4120 λιγῦς
1286 4052 1389 4107 Πυλίων

341 4134 485 4206 ἀγορητής)
502 4135 626 4204 Γερήνιος
644 4127 717 4204 οὖρος
733 4135 845 4208 ’Δχοιῶν
862 4143 922 4190 τοῖοί
934 4144 1111 4204 praemoneret,
1129 4142 1187 4202 quis
1198 4146 1255 4202 post
1270 4135 1390 4206 sidronii:

343 4225 420 4274 verbe
437 4220 508 4291 λιγὺς
525 4223 629 4278 Πυλίων
647 4219 779 4292 ἀγορητής
800 4229 859 4276 novi
878 4229 939 4276 nihil
956 4229 1062 4288 addunt,
1089 4233 1114 4277 et
1132 4226 1150 4278 Δ
1170 4230 1220 4277 298
1244 4219 1306 4294 (ἔνθ’
1326 4219 1342 4279 i'
1359 4241 1388 4292 γι

342 4305 451 4376 Νέστορ’
464 4307 561 4378 lierni,
580 4306 650 4377 λιγιίν
662 4310 766 4365 Πυλίων
778 4307 932 4380 ιίγορητήν)ι
950 4329 983 4363 ιιι
995 4321 1106 4364 οιεεοτοι
1116 4316 1206 4364 lustret
1216 4314 1388 4377 Δςοιοουιιιολ
