3192 4974
640 513 853 580 ..ργ-

221 696 302 751 ratas
333 687 563 766 Naegelsbachii
595 689 847 768 interpretatione
879 692 1010 749 nondum
1043 707 1107 749 esse
1141 688 1272 748 sublatas

220 789 371 872 iudico1).

308 896 448 976 Denique
485 897 668 956 redeundum
699 895 774 954 mihi
812 901 858 955 eat
900 898 935 954 ad
970 896 1118 956 adiectiva
1150 887 1268 972 α’ρήιος,
1278 892 1370 964 ἀρήιος
1388 905 1433 948 cet

225 991 389 1077 α’μακλοτός
412 1005 486 1072 oet,
518 1019 593 1078 quse
617 999 717 1058 omnis
748 999 828 1058 inter
850 1020 882 1058 se
904 999 1066 1076 permutari
1097 1017 1187 1076 supra
1218 1017 1269 1058 ex·

222 1102 319 1178 posui.
354 1102 444 1160 etiam
466 1102 547 1161 inter
568 1105 643 1161 haec
665 1102 818 1174 nonnulla,
842 1101 866 1160 si
882 1107 1010 1160 metrum
1025 1100 1159 1178 respicis,
1181 1100 1270 1178 plane

222 1210 401 1278 congruunt,
425 1210 455 1264 et
471 1223 566 1277 causa
591 1224 644 1264 cur
658 1210 764 1281 poetae
780 1205 975 1277 variaverint,
997 1204 1067 1282 plus
1090 1204 1181 1262 semel
1202 1221 1271 1281 pcr-

222 1307 298 1384 spici
328 1312 437 1383 potest.
480 1325 546 1366 oum
582 1307 700 1383 saepius
731 1298 887 1381 όμόμονος
916 1302 1096 1387 ΑἰακίδαοΙ,
1129 1298 1270 1380 ἆμόμονα

225 1405 394 1487 ΠηλεΐωναΙ
419 1408 560 1483 legamus,
583 1416 652 1486 post
675 1395 792 1469 vocales
815 1407 979 1485 δαΐφρονος
1002 1404 1181 1489 ΑἰακόδαοΙ,
1205 1404 1268 1465 δαῖ-

222 1529 320 1588 φρονα
348 1509 520 1592 ΠηλεΐωναΙ
544 1518 766 1588 exspectamus:
782 1495 861 1572 sunt
875 1531 947 1572 voro
963 1516 1100 1572 vetustos
1120 1511 1268 1570 formulae

225 1605 380 1682 ποδώκεος
403 1611 584 1692 ΑἰακίδαοΙ,
616 1607 756 1672 ποδώκεα
783 1610 964 1694 Πηλεΐωναμ
1004 1633 1096 1693 quare
1118 1613 1269 1672 Dnentac·

220 1713 309 1791 rus¹)
336 1715 364 1772 K
380 1721 441 1774 402
464 1743 508 1766 =
525 1717 603 1776 Pto
630 1715 742 1787 (ἳππων
766 1717 814 1777 vel
835 1714 949 1785 ἵππους
971 1713 1121 1774 Λίακίδαο
1145 1713 1270 1792 δαΐφρο-
1295 1713 1410 1784 δαΐφρων

222 1835 293 1886 νος·
317 1816 347 1875 οἳ
370 1809 396 1876 δ’
411 1811 552 1897 όλεγεινοδ
572 1867 576 1878 .
596 1865 603 1879 .
622 1829 641 1890 .)
665 1819 771 1880 vitium
794 1820 888 1879 latere
910 1824 941 1878 et
961 1819 1012 1878 hio
1033 1837 1152 1900 qnoque
1171 1811 1269 1876 ποδώ-

220 1939 288 1988 κεος
310 1921 459 1996 oorrigere
482 1922 585 1982 voluit.
620 1923 672 1981 sed
694 1925 771 1997 fugit
795 1943 862 1982 eum
886 1915 1042 1988 ποδώκεος
1064 1917 1213 1978 Αἰακίδαο
1236 1920 1268 1978 in
1292 1943 1302 1954 ’

221 2021 290 2094 fine,
314 2041 373 2080 non
392 2015 539 2081 Αἰακίδαο
555 2018 709 2094 ποδώκεος
724 2025 865 2084 traditam
880 2024 972 2082 fuisse
987 2023 1155 2083 formulam.
1179 2024 1268 2082 credo

219 2124 314 2198 igitur
336 2132 453 2202 postam
477 2127 631 2203 epitheton
656 2119 835 2200 mutavisse,
866 2128 944 2206 quod
968 2127 1150 2203 positionem
1173 2125 1268 2184 nomi·

221 2226 268 2285 nis
299 2229 414 2303 proprii
444 2236 624 2304 mutaverat,
658 2237 693 2289 ut
722 2231 862 2289 similiter·
884 2231 915 2286 A
938 2229 1017 2301 791,
1047 2234 1124 2302 839,
1161 2229 1268 2287 Ρ654

218 2323 329 2405 Ἀχιλῆι
354 2329 505 2408 δαΐφρονι,
530 2333 561 2388 Σ
574 2338 613 2390 30
634 2325 756 2408 Ἀχιλῆα
775 2330 925 2409 δαΐφρονα
940 2331 1123 2393 invenimus.
1139 2365 1181 2374 -
1197 2350 1269 2411 qua·

219 2437 266 2491 ter
289 2433 421 2492 Achilles
444 2435 620 2494 attributum
644 2428 740 2504 πόδας
763 2427 851 2511 ναχός
873 2435 1000 2511 accipit:
1035 2434 1070 2491 N
1089 2439 1149 2492 348
1174 2424 1268 2504 (Ζεός
1285 2429 1422 2519 νεόδαρτα-

221 2529 274 2610 μὲν
298 2527 356 2612 όρα
384 2531 515 2613 Τρώεσσι
537 2535 587 2595 καὶ
601 2531 724 2616 Ἕκτορι
747 2533 870 2614 (inolito
894 2538 997 2612 νίκην,
1023 2536 1174 2595 κυδαίνων
1194 2528 1267 2611 Ἀχι·
1328 2519 1376 2570 lul

220 2638 277 2713 λῆα
306 2659 336 2700 π.
359 2652 413 2711 κ),
439 2640 545 2698 Pace
581 2644 693 2710 (κεῖνον
722 2661 762 2704 so.
789 2642 985 2700 Antilochum
1016 2634 1068 2715 μὲν
1095 2631 1133 2714 δὴ
1162 2636 1268 2714 νηυσὶν

222 2737 406 2818 ἐπιπροέηκα
429 2743 550 2824 θοῇσιν,
575 2739 698 2819 ἐλθέμεν
714 2741 755 2813 εἰς
776 2735 894 2820 Ἀχιλῆα
916 2765 946 2801 π.
964 2743 1013 2820 τ.),
1037 2743 1067 2798 Σ
1080 2746 1141 2802 858
1165 2739 1267 2818 (ἔπρη-

221 2843 273 2913 ξας
294 2840 344 2902 καδ
368 2841 476 2924 ἔπειτα,
499 2844 614 2921 βοώπις
630 2841 737 2906 πότνια
750 2840 839 2925 Ἥρη,
864 2837 1021 2922 όνστήσαό
1039 2839 1159 2920 Ἀχιλῆα
1174 2865 1204 2903 π.
1221 2852 1267 2918 κ),

222 2948 251 3002 Σ
272 2952 335 3006 354
373 2941 541 3025 (παννύχιοι
569 2943 622 3023 μὲν
651 2945 751 3008 ἔπειτα
788 2944 885 3018 πόδας
913 2941 1003 3024 ταχδν
1034 2939 1108 3022 ἄμφ’
1150 2938 1267 3022 Ἀχιλῆα

222 3044 420 3127 Μυρμιδόνες
440 3046 614 3127 Πάτροκλον
636 3046 860 3129 ἀνεστενάχοντο
876 3053 1034 3131 pociorem
1056 3051 1103 3110 bis
1126 3044 1267 3130 πελώριος
1292 3044 1416 3114 πελώριος

221 3152 403 3231 appellatur,
437 3153 466 3210 Φ
490 3155 550 3213 527
575 3149 701 3230 (ἑστήκει
724 3148 750 3214 δ’
773 3147 791 3214 ό
813 3153 906 3234 γέρων
932 3155 1068 3232 Πρίαμος
1098 3152 1187 3212 θεΐον
1217 3149 1265 3212 ἐπὶ

221 3249 350 3332 πύργου,
373 3252 402 3325 ἒς
418 3252 444 3312 δ’
461 3251 558 3332 ἒνόησ’
576 3252 696 3334 Ἀχιλῆα
713 3257 870 3338 πελώριον)
893 3264 923 3318 et
944 3259 975 3315 X
988 3263 1028 3317 92
1054 3249 1123 3326 (ἀλλ’
1139 3249 1156 3315 ό
1171 3275 1203 3335 γε
1226 3275 1267 3315 so.

221 3357 336 3417 Hector
358 3353 438 3434 μίμν’
464 3350 581 3436 Ἀχιλῆα
603 3355 748 3440 πελώριον
770 3349 862 3420 όσσον
885 3355 991 3431 ἰόντα),
1015 3359 1106 3420 semel
1128 3357 1266 3431 διόφιλος,
1298 3354 1407 3423 ostano:

223 3457 255 3515 Ω
277 3460 339 3518 472
371 3455 524 3539 (χέρσονδ’
548 3455 619 3533 loric
641 3465 685 3522 κίε
709 3462 807 3536 οἷ’κου,
830 3466 866 3547 τῇ
888 3456 917 3542 ῥ’
944 3457 1075 3540 Ἀχιλεδς
1096 3459 1188 3533 ἵζεσκε
1211 3459 1267 3518 διί-

223 3563 331 3634 φιλος).
370 3564 473 3644 itaque
495 3583 560 3624 oum
585 3567 757 3644 saepissime
785 3561 882 3636 πόδας
909 3564 998 3643 ταχύς
1025 3572 1164 3637 vocetur,
1195 3563 1267 3622 hino

220 3664 306 3722 nobis
329 3666 577 3742 proficiscendum
601 3677 646 3728 est
669 3676 699 3728 et
729 3670 947 3749 quaerendum,
985 3687 1038 3727 our
1067 3687 1127 3726 non
1159 3667 1267 3726 ceteris

223 3785 342 3847 qnoque
374 3768 447 3827 loois
476 3771 532 3829 hoc
561 3771 706 3831 attributo
737 3779 869 3832 ornetur.
912 3769 1149 3830 luculentissima
1179 3788 1267 3829 causa

223 3867 255 3926 Ω
277 3873 338 3929 472
362 3876 424 3931 est:
453 3874 613 3934 absurdum
636 3875 794 3934 videbatur
816 3875 966 3934 Achillem
989 3875 1142 3933 sedentem
1164 3873 1266 3932 celeri-

221 3973 326 4050 pedem
350 3973 458 4034 dicere.
502 3977 617 4037 duobus
647 3985 746 4038 antem
768 3980 892 4060 reliquis
914 3979 988 4038 locis
1010 3977 1175 4036 mutatione
1197 3995 1266 4054 pro-

223 4074 271 4132 onl
293 4075 383 4136 dnbio
416 4097 490 4154 opus
513 4099 573 4138 non
595 4081 668 4156 fuit3
699 4083 751 4141 sod
775 4103 840 4142 cnm
869 4076 1015 4159 πελώριος
1044 4085 1133 4157 poeta
1155 4079 1265 4155 posuit,

290 4228 314 4293 l)
333 4232 477 4278 attributum
495 4233 618 4293 Apollinis
636 4235 662 4282 in
680 4235 727 4282 διο
744 4250 831 4284 versus
850 4237 909 4284 sedo
927 4235 1056 4294 sollemne,
1076 4207 1266 4299 lxnssilocpre-

222 4313 323 4364 stituero
340 4331 389 4364 non
407 4317 493 4365 audeo.

291 4403 317 4468 2)
335 4403 409 4452 Hom.
427 4403 492 4452 Abh.
511 4420 535 4468 p.
549 4407 607 4456 tao.
