3192 4974
717 423 761 434 -
803 386 844 454 η
887 424 929 434 -

302 555 391 622 θοινσί
412 581 442 620 τε
465 556 544 625 δῖονί
569 559 645 635 sim„
674 562 727 622 sed
743 559 833 620 etiem
849 561 988 638 exemplo
1003 559 1154 620 oontrerie
1169 559 1242 621 setis
1258 563 1355 622 multe

300 666 444 728 videntur
466 685 545 736 esse;
567 663 600 723 in
622 663 711 724 initio
735 684 841 725 versus
864 669 1011 724 2—0-0
1034 663 1211 736 numeravi,
1234 669 1305 741 post
1326 665 1350 723 1.

302 768 385 828 arsin
409 771 573 840 2-3-0,
595 770 665 844 post
685 767 712 826 Ι.
734 768 831 826 trooh.
855 770 1019 838 0-2—0,
1039 770 1109 842 post
1130 767 1154 825 I.
1178 766 1246 844 ped.
1270 766 1353 825 6--7

303 877 374 943 -0,
396 874 465 947 post
486 870 529 930 11.
553 889 609 930 ers.
634 873 799 943 0-0-1,
829 872 899 928 ente
923 872 1092 928 extremum
1114 867 1354 947 amphibreohyn
1423 911 1425 916 .
1472 899 1476 910 ·

308 978 485 1045 10-2-0‚
515 971 646 1052 denique
676 976 745 1048 post
773 991 926 1032 oeesurem
956 969 1203 1050 semiquinariem
1232 961 1354 1048 Ἀγαμέ-

302 1097 388 1151 μνονι
495 1069 563 1156 δίῳ)
599 1076 629 1132 Σ
649 1075 720 1134 257.
765 1074 818 1155 qui
847 1079 949 1134 temen
972 1076 1181 1152 exemplorum
1211 1093 1354 1132 numerus

302 1178 458 1258 aliquanto
480 1177 645 1251 minuitur3
669 1176 785 1238 soilioet
807 1177 927 1255 saepius
949 1198 968 1236 o
981 1177 1042 1238 fine
1058 1181 1218 1255 propterea
1239 1179 1356 1236 remoto

304 1285 386 1354 sunt,
417 1280 488 1360 quio
509 1279 569 1338 ulie
590 1299 653 1341 vox
674 1279 708 1338 in
729 1279 790 1339 fine
812 1300 848 1340 oo
869 1299 988 1359 quoque
1012 1279 1153 1340 oollooeri
1176 1278 1266 1338 solite
1287 1297 1354 1341 ver-

303 1403 353 1444 sus
369 1383 485 1444 exitum
501 1381 670 1460 oooupsvit,
692 1383 797 1443 velut:

295 1564 297 1568 Ι
392 1484 487 1562 1-2)
531 1480 572 1553 είς
606 1477 827 1563 Ἀγαμέμνονα·
843 1482 908 1542 δῖον
944 1476 1019 1562 όγον
1054 1481 1192 1559 βασιλῆες
1225 1475 1355 1560 Ἀχαιῶν

305 1589 358 1664 (Ψ
385 1585 456 1664 36);
496 1607 565 1646 nom
601 1589 696 1648 verbo
732 1585 868 1662 βασιλῆες
905 1577 1041 1662 Ἀχαιῶν)
1082 1587 1226 1660 leguntur
1265 1585 1355 1646 etiem

307 1691 344 1748 Η
364 1693 424 1750 soe
448 1693 479 1748 et
501 1687 534 1746 ει
556 1693 636 1764 404,
667 1694 737 1766 ραι
758 1691 800 1749 11.
823 1709 881 1749 ars.
903 1693 1023 1748 tontum
1045 1711 1063 1746 α
1088 1693 1148 1746 394
1174 1679 1246 1754 (ἀμ’
1268 1675 1289 1764 ἦ
1311 1705 1355 1746 τοι

305 1790 442 1868 βασιλήες
462 1783 587 1867 Ἀχαιῶν
614 1787 669 1850 είσὶ
692 1787 743 1850 καὶ
765 1782 876 1862 όίλλοι),
909 1791 963 1852 ubi
984 1810 1089 1852 rursus
1120 1785 1176 1848 είσὶ
1198 1787 1251 1856 καὶ
1274 1782 1355 1848 tito»

305 1895 339 1954 in
361 1899 497 1956 extremo
514 1915 606 1956 versu
629 1898 783 1973 ponuntur
804 1898 840 1954 ut
856 1893 892 1952 N
903 1898 973 1967 312,
997 1895 1026 1949 Σ
1043 1898 1110 1966 106,
1133 1914 1149 1970 ρ
1167 1892 1227 1952 376
1245 1893 1280 1970 ¹).
1320 1914 1358 1954 ex

312 1999 347 2056 Ψ
366 2003 405 2057 36
430 2001 531 2057 eutem
553 2001 642 2056 notus
663 1996 740 2056 mihi
762 1996 886 2057 videtur
908 2015 973 2056 esso
997 1996 1034 2052 H
1051 2000 1131 2054 312:
1163 1991 1204 2064 είς
1230 1989 1356 2074 Ἀγαμέ-

308 2120 402 2175 μνονα
426 2097 492 2158 δῖον
515 2090 598 2177 όγον,
621 2091 785 2177 κεχαρηότα
807 2097 885 2180 νίκη.

393 2202 424 2280 3)
448 2191 526 2275 αἶψα
550 2195 577 2258 δ’
606 2197 719 2264 inesset
740 2194 874 2278 Ἕκτορα
897 2201 963 2260 δῖον
985 2197 1099 2276 έτεεμεν
1121 2191 1275 2275 α’όελφεόν,
1299 2187 1358 2258 εὖτ’

260 2357 262 2360 .
307 2297 353 2384 ἱέρ’
368 2300 482 2379 έμελλεν
498 2345 504 2360 .
523 2348 529 2362 .
548 2348 554 2363 .
572 2304 613 2381 (Ζ
627 2307 688 2363 514
703 2311 777 2384 sq.);
800 2307 894 2366 verbe
916 2295 995 2378 αἶψα
1018 2294 1044 2360 δ’
1066 2300 1178 2368 έττεεταί
1202 2308 1358 2380 praetereo

306 2407 436 2483 legimus
465 2407 499 2464 Ψ
519 2410 589 2480 413,
613 2407 663 2466 sed
686 2410 756 2484 post
777 2407 803 2466 1.
827 2407 893 2484 ped.
917 2403 949 2462 Ω
972 2405 1032 2464 783
1056 2400 1246 2484 (ζεύγνυσαν,
1279 2397 1357 2478 αἶψα

308 2503 339 2569 δ’
366 2506 466 2568 έκειτα
489 2501 547 2586 τιρό
572 2500 676 2576 ι’ίστεος
698 2501 906 2588 ἠγερέθοντο),
934 2510 1063 2569 fortasse
1086 2508 1158 2588 quie
1181 2500 1359 2586 ἠγερέθοντο

308 2631 428 2693 quoque
451 2612 615 2671 olousulom
637 2632 743 2674 vorsus
773 2617 867 2685 emot,
898 2611 951 2672 ubi
973 2616 1130 2690 praetereo
1162 2609 1209 2668 8¹⁰⁸
1236 2611 1360 2686 legitur,

307 2708 502 2795 ἠγερέθονται
524 2713 581 2788 bis,
604 2707 805 2793 ἠγερέθεσθαι
828 2715 935 2786 semel;
967 2734 1023 2776 neo
1044 2734 1117 2776 vero
1141 2720 1188 2774 ost
1210 2713 1360 2773 silendum

308 2817 457 2898 queter2)
476 2817 554 2876 hene
576 2837 681 2879 vooem
703 2817 795 2880 etiem
818 2825 885 2896 post
909 2819 932 2878 1.
955 2819 1023 2896 ped.
1046 2838 1112 2878 esse
1134 2817 1277 2895 positam,
1315 2837 1359 2877 se·

309 2922 370 2982 mel
398 2920 432 2980 in
461 2919 552 2980 initio
589 2921 630 2996 (B
656 2925 734 2994 304,
767 2919 821 2980 ubi
851 2925 952 2980 temon
982 2939 1088 2981 versus
1116 2920 1296 2980 antecedens
1326 2919 1359 2978 in

307 3023 377 3096 νῆες
398 3013 524 3098 Ἀχαιῶν
546 3021 620 3096 exit,
643 3043 719 3103 queo
740 3025 870 3084 formula
891 3023 959 3103 ipse
981 3029 1148 3084 extromum
1171 3042 1293 3085 vorsum
1316 3027 1359 3082 te·
1393 3025 1394 3029 ’

307 3145 380 3185 nere
402 3124 501 3202 solet).
546 3126 676 3186 oonoedo
706 3125 802 3202 igitur
830 3125 882 3186 hio
912 3126 1036 3187 dubium
1059 3145 1139 3198 esse,
1170 3145 1244 3186 num
1265 3127 1361 3186 verbe

310 3218 389 3299 αἶψα
420 3218 446 3286 δ’
477 3223 578 3285 ἔπειτα
609 3247 697 3288 oouse
727 3233 861 3288 mutatae
901 3227 1106 3290 collocationis
1139 3249 1204 3288 esse
1233 3227 1358 3305 possint.

308 3329 387 3410 quod
409 3349 514 3390 rursus
537 3335 652 3390 eertum
675 3331 775 3392 estin

393 3434 490 3510 4-5)
513 3419 533 3510 ἠ
548 3429 595 3510 ῥα,
612 3430 663 3492 καὶ
674 3427 806 3514 Ἕκτορα
822 3433 887 3494 δῖον
902 3425 1003 3495 αἐικέα
1019 3429 1127 3512 μήδετο
1145 3432 1215 3513 έργα
1240 3435 1285 3504 (Χ
1298 3439 1358 3492 395

307 3561 350 3584 =
379 3537 412 3592 Ψ
431 3534 484 3613 24)
515 3537 633 3596 oolletis
656 3537 758 3599 verbis
787 3529 886 3598 αἐικέα
908 3531 1008 3616 λοιγόν
1031 3532 1155 3613 σἰμῦναιί
1188 3537 1269 3612 sim„
1301 3527 1357 3595 όει-

307 3630 361 3695 κία
383 3630 577 3712 μηχανόωντο
586 3633 603 3711 Ῑ,
627 3630 726 3698 σίεικία
747 3632 863 3715 πότμον
887 3636 1010 3719 ἐφῆκεν)
1035 3639 1101 3700 sim.

394 3737 425 3816 6)
446 3732 580 3818 Ἕκτορα
595 3739 661 3800 δῖον
677 3737 787 3800 έτταυσε
803 3735 906 3819 μόχης,
931 3735 1062 3819 ἐφόβησε
1083 3737 1114 3801 δέ
1129 3735 1220 3812 λαούς
1243 3743 1359 3820 (015),

309 3839 347 3899 of.
371 3833 502 3918 ἐφόβησε
525 3834 550 3900 θ’
569 3837 721 3920 Ἀχαιούς)
746 3845 772 3901 Ρ
792 3849 863 3906 596.

395 3943 426 4021 7)
461 3937 503 4013 όός
525 3937 543 4004 b*
566 3940 618 4021 μὲν
638 3939 771 4026 Ἕκτορα
799 3946 865 4006 δῖον
892 3941 1016 4018 όείκιζεν
1038 3945 1200 4022 μενεαίνων
1230 3947 1273 4025 (Ω
1296 3947 1359 4025 22),

308 4046 346 4106 of.
370 4039 511 4124 (ἀεικίζει)
535 4047 729 4124 μενεαίνων),
761 4048 914 4124 μενεαίνω)
951 4049 1016 4110 sim.
1046 4071 1150 4128 seope;
1185 4056 1289 4110 contre
1312 4071 1359 4126 με·

310 4149 513 4160 ---·-....-.

377 4180 403 4246 1)
422 4184 453 4232 of.
475 4180 527 4234 είσὶ
543 4181 588 4234 καὶ
606 4179 691 4250 ἠμῖν).
991 4239 994 4244 ,

282 4281 284 4286 ⁴
378 4265 921 4335 νμακωαωαααωμε
