3192 4974
639 505 850 588 -ῃ-

222 680 304 739 nullo
332 680 496 740 interstitio
530 681 677 757 dirempta
706 679 865 739 clausulam
899 699 1001 740 versus
1025 686 1186 758 occupent;
1218 682 1268 738 sed

221 783 360 862 quotiens
382 803 442 843 vox
464 802 586 859 prorsus
608 786 643 840 ut
667 775 741 852 Διός
763 788 943 859 comparate,
965 784 995 841 h.
1016 802 1041 841 e.
1060 783 1269 859 pyrrhichium

222 886 356 944 efficiens
386 890 476 964 etque
506 904 524 944 e
554 904 684 944 consone
710 885 860 961 incipiens
887 885 921 944 in
949 903 1169 964 consonamque
1192 885 1269 943 desi-

224 1008 305 1060 nens,
328 988 486 1060 antecedit,
509 988 559 1048 lex
582 995 636 1060 est,
659 994 693 1046 ut
714 989 790 1046 heec
813 994 844 1046 et
867 981 941 1058 Διός
963 989 1061 1048 locum
1083 994 1269 1065 permutent:

222 1084 297 1159 Διός
325 1085 415 1169 γόνον
445 1083 622 1170 αἰγιόχοιο),
654 1110 713 1149 non
743 1083 833 1168 γόνον
863 1083 937 1159 Διός
964 1085 1123 1172 αἰγιόχοιο)
1156 1091 1185 1148 Ε
1207 1095 1267 1150 685
1296 1095 1408 1165 αἰγίοχος

222 1199 311 1270 poete
334 1193 427 1267 dixit,
458 1192 654 1272 similiterque
678 1193 707 1248 Ε
730 1193 806 1265 742,
832 1190 858 1248 Θ
880 1193 956 1266 375,
983 1193 1023 1248 Μ
1042 1198 1119 1265 209,
1145 1193 1181 1249 N
1199 1198 1270 1266 825,

224 1291 1270 1373 Emmnwm=mmnm=mmmm

222 1399 252 1457 h.
269 1400 318 1456 ΙΙΙ
334 1403 405 1470 396,
420 1398 562 1458 XXVIII
582 1398 628 1456 17.
651 1417 711 1458 nuo
728 1396 804 1469 loco,
830 1395 932 1455 0379
957 1397 1073 1475 (Τρῶες
1095 1388 1120 1454 d'
1136 1389 1176 1466 οἷς
1200 1392 1271 1456 ἐκτό-

224 1503 317 1558 θσντο
336 1494 412 1569 Διός
434 1493 547 1558 κτύπον
569 1492 736 1577 αἰγιόχοιο),
760 1501 834 1558 heec
849 1500 1004 1559 collocetic
1027 1501 1195 1560 necessarie
1217 1506 1271 1573 est,

225 1624 262 1662 ne
286 1610 420 1663 extreme
442 1602 524 1663 vocis
547 1594 700 1660 dissidente
732 1601 847 1680 syllebe
879 1602 989 1662 litteris
1021 1625 1056 1660 κτ
1077 1604 1271 1680 producetur3

224 1707 273 1765 sed
298 1726 385 1765 nemo
407 1706 479 1765 hinc
502 1717 600 1764 cetere
622 1705 759 1781 exempla
781 1706 912 1781 pendere
934 1707 1102 1766 contendet.
1139 1706 1188 1765 vel
1210 1725 1272 1764 me·

223 1810 269 1883 gis
292 1809 447 1868 collocatio
472 1809 571 1866 Ρ176
589 1807 705 1867 differt:
728 1799 790 1865 ἀλλ’
817 1803 874 1865 ciri
896 1826 926 1865 τε
942 1801 1016 1877 Διός
1038 1807 1180 1887 κρείσσων
1202 1802 1273 1878 νόος

224 1905 378 1990 αἰγιόχοιο,
402 1912 452 1970 eed
469 1911 577 1970 collato
596 1911 630 1966 Π
643 1915 704 1968 688
729 1903 797 1978 (ἀλλ’
824 1905 882 1968 αἰεί
903 1929 933 1968 τε
949 1903 1023 1979 Διός
1045 1909 1188 1989 κρείσσων
1202 1904 1273 1980 νόος

223 2006 258 2089 οἷό
274 2033 329 2092 ιτερ
346 2007 477 2091 ἀνδροῖν)
501 2015 580 2072 henc
598 2013 756 2071 lectionem
778 2012 832 2072 illo
852 2031 970 2092 quoqne
992 2013 1058 2073 loco
1080 2013 1215 2090 recipere
1237 2034 1272 2072 eo

223 2117 321 2174 minus
344 2115 534 2175 temerarium
556 2117 604 2188 sit,
629 2116 706 2195 quod
730 2115 794 2174 cod,
817 2117 840 2174 (l
866 2115 904 2175 el.
928 2116 1051 2174 eandem
1075 2116 1123 2176 vel
1145 2116 1273 2176 similem

224 2219 378 2280 exhibent.
402 2251 443 2262 —
466 2217 563 2276 simile
585 2224 631 2276 est
652 2216 733 2276 uliud
756 2218 935 2295 exemplum.
968 2209 1161 2296 πολύδακρυν
1174 2209 1274 2296 ’Ἄρηα

224 2323 304 2399 (ter),
330 2321 523 2398 βροτολοιγοῦ
536 2311 652 2397 ’Ἄρηος
667 2316 710 2401 (Θ
721 2323 806 2394 349),
821 2312 1015 2398 βροτολοιγόν
1029 2312 1128 2399 ’Ἇρηα
1144 2320 1187 2397 (Φ
1197 2326 1271 2391 421)

225 2443 342 2500 semper
363 2443 482 2484 versum
505 2423 655 2482 claudunt.
703 2423 753 2482 sed
774 2423 807 2481 in
829 2423 958 2482 formale
983 2421 1069 2500 5¹⁰0)
1093 2424 1181 2484 obvie
1203 2422 1272 2499 βρο-
1298 2433 1418 2511 βροτρλοι-

224 2527 347 2606 τσλσιγῷ
370 2515 435 2593 ἶσος
457 2531 528 2594 (ον)
550 2517 657 2607 Ἄρηι)
689 2532 796 2601 poetee
819 2546 935 2604 semper
958 2516 1021 2595 ἶσος
1049 2526 1272 2599 interimerunt,
1339 2516 1385 2566 W

227 2647 405 2708 quemquem
426 2639 462 2686 nt
483 2647 500 2686 e
522 2646 581 2687 reu
595 2626 754 2704 iucipiens
777 2648 895 2705 semper
915 2627 998 2686 illem
1015 2629 1174 2688 formulam
1188 2649 1274 2706 pree·

226 2731 330 2790 cedere
361 2731 469 2809 potuit.
512 2729 564 2788 hic
594 2733 692 2788 temen
724 2731 825 2789 nescio
854 2750 892 2789 en
922 2750 1011 2790 censs
1040 2751 1078 2790 ex
1107 2733 1168 2810 eis,
1199 2751 1274 2811 ques

225 2834 322 2911 primo
345 2833 443 2910 capite
465 2833 607 2905 disserui,
639 2834 801 2910 repetenda
823 2833 870 2892 sit.
917 2853 985 2892 nem
1009 2831 1188 2916 βροτολοιγῷ
1211 2825 1275 2903 ἶσος

217 2930 321 3016 Ἄρηι)
354 2941 385 2995 et
406 2935 474 3014 θοῷ
497 2929 661 3004 ἀτάλαντος
682 2926 787 3015 ”Appii
819 2934 862 2994 ite
891 2935 1052 3008 differunt,
1085 2941 1120 2994 ut
1146 2935 1273 2996 alterum

225 3057 378 3098 cessuram
400 3029 474 3095 κατά
496 3035 595 3113 τρίτον
617 3039 769 3114 τροχαῖον,
802 3037 929 3096 alterum
957 3037 1198 3118 semiquinariem
1221 3058 1273 3098 ex-

227 3141 329 3217 cipiat.
373 3139 450 3199 sicut
471 3145 571 3198 eutem
593 3131 755 3207 ἀτάλαντος
776 3141 987 3217 interpositum
1021 3146 1067 3200 est
1097 3141 1179 3200 inter
1205 3141 1273 3220 θοῷ

225 3250 256 3303 et
275 3237 380 3323 ”Αρκγι,
411 3242 454 3303 ito
484 3233 547 3312 ἶσος
578 3243 659 3302 inter
681 3240 862 3324 βροτολοιγῷ
889 3249 920 3302 et
942 3235 1042 3322 ’Ἆρτγα
1072 3276 1113 3286 -
1144 3244 1274 3323 denique

224 3367 315 3404 unum
337 3347 412 3405 eddo
436 3346 622 3422 exemplum,
645 3345 696 3404 ubi
720 3347 758 3404 ob
781 3346 961 3406 sententium
983 3349 1075 3407 verbe
1097 3346 1274 3425 plerumque

225 3455 307 3508 erote
330 3448 468 3525 copulate
490 3449 637 3528 diremptu
660 3453 738 3509 sunt.
775 3449 808 3508 in
831 3449 919 3508 initio
941 3450 1011 3508 libri
1038 3451 1073 3506 H
1091 3449 1198 3527 Apollo
1216 3449 1273 3506 Mi-

226 3571 338 3612 nervae
361 3551 504 3629 proponit
536 3551 591 3630 (vs.
616 3551 682 3630 29):
712 3552 767 3610 νῦν
797 3546 850 3626 μὲν
872 3544 1031 3627 παύσωμεν
1063 3546 1193 3626 πόλεμον
1222 3548 1274 3610 καὶ

225 3651 368 3731 δηιοτῆτα
391 3647 537 3732 σήμερον·
568 3648 691 3734 ὕστερον
713 3642 783 3712 αὖτε
805 3649 1005 3730 μσγέσσονται.
1051 3674 1112 3713 non
1135 3643 1274 3714 dissentit

224 3757 362 3819 Minerva
392 3757 448 3836 (vs.
478 3757 548 3834 34):
578 3745 632 3815 τόδ’
666 3753 758 3826 ἔστω,
788 3749 907 3835 ἑκάεργε
1027 3750 1091 3814 ἀλλ’
1119 3749 1178 3836 ἀγε,
1209 3758 1275 3826 τοῖς

224 3855 354 3934 μέμονας
383 3857 514 3936 πόλεμον
542 3854 769 3935 καταπαυσέμεν
801 3851 938 3938 ἀνδρῷνς
976 3862 1137 3938 respondet
1165 3860 1273 3936 Apollo

224 3961 279 4040 (ve.
299 3961 367 4039 38):
380 3954 528 4041 Ἕκτορος
551 3955 685 4041 ὄρσωμεν
707 3953 851 4040 κρατερόν
874 3958 961 4037 μένος
983 3955 1178 4037 ἱπποδάμοιο.
1213 3973 1432 4039 σοιιὶππόδαμος

224 4064 347 4124 dubium
377 4065 450 4124 mihi
475 4067 610 4140 videtur,
643 4065 715 4145 quin
743 4065 794 4124 hic
821 4085 881 4126 vox
905 4058 1053 4143 Ἕκτορος
1082 4067 1214 4124 acuenda
1244 4070 1275 4124 et

224 4219 426 4227 ——..--—-

292 4301 318 4366 1)
335 4304 389 4352 cod.
408 4303 499 4351 vind:
516 4300 594 4367 τέρας
611 4299 671 4362 Διός
689 4299 820 4370 αἰγιόχοιο.

291 4389 356 4453 ο)Δ
379 4391 437 4450 τοι,
457 4386 481 4440 Ν
500 4391 559 4449 sor,
578 4387 595 4439 ι
615 4392 672 4453 11⁵,
691 4389 718 4439 Μ
738 4391 796 4450 reo,
816 4386 839 4437 Υ
856 4390 897 4437 ιο.
965 4387 967 4390 ·

1035 4479 1050 4528 e
