<?xml version="1.0" encoding="UTF-8"?>
<!DOCTYPE html PUBLIC "-//W3C//DTD XHTML 1.0 Transitional//EN"
    "http://www.w3.org/TR/xhtml1/DTD/xhtml1-transitional.dtd">
<html xmlns="http://www.w3.org/1999/xhtml" xml:lang="en" lang="en">
 <head>
  <title>
</title>
<meta http-equiv="Content-Type" content="text/html;charset=utf-8" />
  <meta name='ocr-system' content='tesseract 3.04.00' />
  <meta name='ocr-capabilities' content='ocr_page ocr_carea ocr_par ocr_line ocrx_word'/>
</head>
<body>
  <div class='ocr_page' id='page_1' title='image "./denominumpropri00frangoog_0035.png"; bbox 0 0 3192 4974; ppageno 0'>
   <div class='ocr_carea' id='block_1_1' title="bbox 739 455 951 526">
    <p class='ocr_par' dir='ltr' id='par_1_1' title="bbox 739 455 951 526">
     <span class='ocr_line' id='line_1_1' title="bbox 739 455 951 526; baseline -0.019 -19"><span class='ocrx_word' id='word_1_1' title='bbox 739 455 951 526; x_wconf 74' lang='lat'>..28-</span> 
     </span>
    </p>
   </div>
   <div class='ocr_carea' id='block_1_2' title="bbox 163 629 1378 4400">
    <p class='ocr_par' dir='ltr' id='par_1_2' title="bbox 163 629 1376 3067">
     <span class='ocr_line' id='line_1_2' title="bbox 323 629 1371 712; baseline -0.002 -18"><span class='ocrx_word' id='word_1_2' title='bbox 323 633 560 712; x_wconf 82' lang='lat' dir='ltr'><strong>desperationem</strong></span> <span class='ocrx_word' id='word_1_3' title='bbox 583 631 724 692; x_wconf 77' lang='lat' dir='ltr'><strong>Hectoris</strong></span> <span class='ocrx_word' id='word_1_4' title='bbox 747 638 779 692; x_wconf 90' lang='lat' dir='ltr'><strong>et</strong></span> <span class='ocrx_word' id='word_1_5' title='bbox 799 629 961 708; x_wconf 76' lang='lat' dir='ltr'>grandaevi</span> <span class='ocrx_word' id='word_1_6' title='bbox 984 630 1079 706; x_wconf 82' lang='lat' dir='ltr'><strong>petris</strong></span> <span class='ocrx_word' id='word_1_7' title='bbox 1101 630 1194 690; x_wconf 89' lang='lat' dir='ltr'><strong>multo</strong></span> <span class='ocrx_word' id='word_1_8' title='bbox 1219 630 1371 692; x_wconf 85' lang='lat' dir='ltr'><strong>efficacius</strong></span> 
     </span>
     <span class='ocr_line' id='line_1_3' title="bbox 325 733 1372 818; baseline 0 -22"><span class='ocrx_word' id='word_1_9' title='bbox 325 758 413 818; x_wconf 90' lang='lat' dir='ltr'><strong>quam</strong></span> <span class='ocrx_word' id='word_1_10' title='bbox 435 737 525 810; x_wconf 80' lang='lat' dir='ltr'><strong>longo</strong></span> <span class='ocrx_word' id='word_1_11' title='bbox 547 734 747 811; x_wconf 77' lang='lat' dir='ltr'><strong>descriptione</strong></span> <span class='ocrx_word' id='word_1_12' title='bbox 770 733 922 812; x_wconf 84' lang='lat' dir='ltr'><strong>depinxit:</strong></span> <span class='ocrx_word' id='word_1_13' title='bbox 954 753 1064 792; x_wconf 86' lang='lat' dir='ltr'><strong>merom</strong></span> <span class='ocrx_word' id='word_1_14' title='bbox 1094 733 1188 808; x_wconf 82' lang='lat' dir='ltr'><strong>igitur</strong></span> <span class='ocrx_word' id='word_1_15' title='bbox 1216 733 1372 796; x_wconf 80' lang='lat' dir='ltr'><strong>libidinem</strong></span> 
     </span>
     <span class='ocr_line' id='line_1_4' title="bbox 326 828 1372 917; baseline -0.002 -19"><span class='ocrx_word' id='word_1_16' title='bbox 326 861 364 898; x_wconf 91' lang='lat' dir='ltr'><strong>ue</strong></span> <span class='ocrx_word' id='word_1_17' title='bbox 394 839 444 898; x_wconf 94' lang='lat' dir='ltr'><strong>hic</strong></span> <span class='ocrx_word' id='word_1_18' title='bbox 475 838 595 917; x_wconf 86' lang='lat' dir='ltr'><strong>quidem</strong></span> <span class='ocrx_word' id='word_1_19' title='bbox 626 855 764 910; x_wconf 81' lang='lat' dir='ltr'><strong>agnosco.</strong></span> <span class='ocrx_word' id='word_1_20' title='bbox 814 835 910 896; x_wconf 90' lang='lat' dir='ltr'><strong>simile</strong></span> <span class='ocrx_word' id='word_1_21' title='bbox 939 828 1041 904; x_wconf 89' lang='grc' dir='ltr'><strong><em>πάθος</em></strong></span> <span class='ocrx_word' id='word_1_22' title='bbox 1071 837 1101 892; x_wconf 90' lang='grc' dir='ltr'><em>Λ</em></span> <span class='ocrx_word' id='word_1_23' title='bbox 1130 841 1191 895; x_wconf 76' lang='lat'><strong>820</strong></span> <span class='ocrx_word' id='word_1_24' title='bbox 1225 842 1372 897; x_wconf 84' lang='lat' dir='ltr'><strong>movetur.</strong></span> 
     </span>
     <span class='ocr_line' id='line_1_5' title="bbox 327 937 1373 1012; baseline -0.004 -12"><span class='ocrx_word' id='word_1_25' title='bbox 327 939 375 1000; x_wconf 74' lang='lat'><strong>5¹⁶¹</strong></span> <span class='ocrx_word' id='word_1_26' title='bbox 397 942 511 1002; x_wconf 84' lang='lat' dir='ltr'><strong>Hector</strong></span> <span class='ocrx_word' id='word_1_27' title='bbox 533 937 661 1012; x_wconf 85' lang='grc' dir='ltr'><strong><em>διίφιλος</em></strong></span> <span class='ocrx_word' id='word_1_28' title='bbox 683 944 822 1012; x_wconf 60' lang='lat' dir='ltr'><strong>vocatum</strong></span> <span class='ocrx_word' id='word_1_29' title='bbox 844 939 903 997; x_wconf 92' lang='lat' dir='ltr'><strong>hoc</strong></span> <span class='ocrx_word' id='word_1_30' title='bbox 923 943 1022 996; x_wconf 87' lang='lat' dir='ltr'><strong>autem</strong></span> <span class='ocrx_word' id='word_1_31' title='bbox 1043 938 1119 1012; x_wconf 90' lang='lat' dir='ltr'><strong>loco,</strong></span> <span class='ocrx_word' id='word_1_32' title='bbox 1141 938 1195 996; x_wconf 89' lang='lat' dir='ltr'><strong>ubi</strong></span> <span class='ocrx_word' id='word_1_33' title='bbox 1216 939 1373 998; x_wconf 72' lang='lat' dir='ltr'><strong>Patroclus</strong></span> 
     </span>
     <span class='ocr_line' id='line_1_6' title="bbox 328 1027 1374 1116; baseline -0.001 -14"><span class='ocrx_word' id='word_1_34' title='bbox 328 1063 441 1104; x_wconf 89' lang='lat' dir='ltr'><strong>summa</strong></span> <span class='ocrx_word' id='word_1_35' title='bbox 462 1041 666 1101; x_wconf 85' lang='lat' dir='ltr'><strong>misericordia</strong></span> <span class='ocrx_word' id='word_1_36' title='bbox 687 1027 839 1116; x_wconf 90' lang='lat' dir='ltr'><strong>permotus</strong></span> <span class='ocrx_word' id='word_1_37' title='bbox 861 1041 897 1097; x_wconf 85' lang='lat' dir='ltr'><strong>cd</strong></span> <span class='ocrx_word' id='word_1_38' title='bbox 914 1039 1063 1098; x_wconf 84' lang='lat' dir='ltr'><strong>Achillem</strong></span> <span class='ocrx_word' id='word_1_39' title='bbox 1084 1039 1235 1100; x_wconf 86' lang='lat' dir='ltr'><strong>rediturus</strong></span> <span class='ocrx_word' id='word_1_40' title='bbox 1258 1047 1303 1099; x_wconf 89' lang='lat' dir='ltr'><strong>est</strong></span> <span class='ocrx_word' id='word_1_41' title='bbox 1325 1060 1374 1101; x_wconf 88' lang='lat' dir='ltr'><strong>su·</strong></span> 
     </span>
     <span class='ocr_line' id='line_1_7' title="bbox 326 1140 1374 1224; baseline -0.004 -20"><span class='ocrx_word' id='word_1_42' title='bbox 326 1147 450 1224; x_wconf 89' lang='lat' dir='ltr'><strong>bitoque</strong></span> <span class='ocrx_word' id='word_1_43' title='bbox 469 1144 503 1203; x_wconf 90' lang='lat' dir='ltr'><strong>in</strong></span> <span class='ocrx_word' id='word_1_44' title='bbox 518 1140 707 1204; x_wconf 81' lang='lat' dir='ltr'><strong>vulneratum</strong></span> <span class='ocrx_word' id='word_1_45' title='bbox 721 1142 907 1220; x_wconf 84' lang='lat' dir='ltr'><strong>Eurypylum</strong></span> <span class='ocrx_word' id='word_1_46' title='bbox 929 1141 1044 1214; x_wconf 86' lang='lat' dir='ltr'><strong>incidit,</strong></span> <span class='ocrx_word' id='word_1_47' title='bbox 1072 1147 1184 1221; x_wconf 86' lang='lat' dir='ltr'><strong>quanto</strong></span> <span class='ocrx_word' id='word_1_48' title='bbox 1207 1143 1305 1218; x_wconf 88' lang='lat' dir='ltr'><strong>aptius</strong></span> <span class='ocrx_word' id='word_1_49' title='bbox 1327 1142 1374 1200; x_wconf 89' lang='lat' dir='ltr'><strong>in-</strong></span> 
     </span>
     <span class='ocr_line' id='line_1_8' title="bbox 326 1236 1375 1322; baseline -0.006 -15"><span class='ocrx_word' id='word_1_50' title='bbox 326 1251 474 1321; x_wconf 81' lang='lat' dir='ltr'><strong>terrogat:</strong></span> <span class='ocrx_word' id='word_1_51' title='bbox 497 1236 557 1304; x_wconf 87' lang='grc' dir='ltr'><strong><em>ἀλλ’</em></strong></span> <span class='ocrx_word' id='word_1_52' title='bbox 572 1237 624 1322; x_wconf 89' lang='grc' dir='ltr'><strong>άγε</strong></span> <span class='ocrx_word' id='word_1_53' title='bbox 639 1265 691 1320; x_wconf 92' lang='grc' dir='ltr'><strong><em>μοι</em></strong></span> <span class='ocrx_word' id='word_1_54' title='bbox 713 1237 781 1302; x_wconf 88' lang='grc' dir='ltr'><strong><em>τάδε</em></strong></span> <span class='ocrx_word' id='word_1_55' title='bbox 803 1240 876 1316; x_wconf 82' lang='grc' dir='ltr'><strong><em>είπί,</em></strong></span> <span class='ocrx_word' id='word_1_56' title='bbox 898 1238 1050 1320; x_wconf 75' lang='grc' dir='ltr'><strong><em>διοτρεφὲς</em></strong></span> <span class='ocrx_word' id='word_1_57' title='bbox 1066 1237 1221 1321; x_wconf 78' lang='grc' dir='ltr'><strong><em>Εὐρύπυλ’</em></strong></span> <span class='ocrx_word' id='word_1_58' title='bbox 1240 1236 1331 1321; x_wconf 85' lang='grc' dir='ltr'><strong><em>ήρως,</em></strong></span> <span class='ocrx_word' id='word_1_59' title='bbox 1357 1236 1375 1319; x_wconf 89' lang='grc' dir='ltr'><strong><em>ῆ</em></strong></span> 
     </span>
     <span class='ocr_line' id='line_1_9' title="bbox 327 1337 1373 1428; baseline -0.003 -21"><span class='ocrx_word' id='word_1_60' title='bbox 327 1343 358 1428; x_wconf 79' lang='grc' dir='ltr'><strong>ῤ’</strong></span> <span class='ocrx_word' id='word_1_61' title='bbox 377 1345 418 1407; x_wconf 72' lang='grc' dir='ltr'><strong><em>ἔτι</em></strong></span> <span class='ocrx_word' id='word_1_62' title='bbox 434 1368 495 1407; x_wconf 91' lang='grc' dir='ltr'><strong>που</strong></span> <span class='ocrx_word' id='word_1_63' title='bbox 513 1341 653 1423; x_wconf 79' lang='grc' dir='ltr'><strong><em>σχήσουσι</em></strong></span> <span class='ocrx_word' id='word_1_64' title='bbox 669 1339 813 1421; x_wconf 78' lang='grc' dir='ltr'><strong><em>πελάριον</em></strong></span> <span class='ocrx_word' id='word_1_65' title='bbox 826 1337 947 1424; x_wconf 83' lang='grc' dir='ltr'><strong><em>Ἕκτορ’</em></strong></span> <span class='ocrx_word' id='word_1_66' title='bbox 968 1338 1088 1422; x_wconf 83' lang='grc' dir='ltr'><strong><em>Ἀχαιοί,</em></strong></span> <span class='ocrx_word' id='word_1_67' title='bbox 1111 1365 1217 1425; x_wconf 81' lang='lat' dir='ltr'><strong>quom:</strong></span> <span class='ocrx_word' id='word_1_68' title='bbox 1240 1339 1306 1423; x_wconf 68' lang='grc' dir='ltr'><strong>ἥδ’</strong></span> <span class='ocrx_word' id='word_1_69' title='bbox 1332 1343 1373 1404; x_wconf 68' lang='grc' dir='ltr'><strong><em>ἔτι</em></strong></span> 
     </span>
     <span class='ocr_line' id='line_1_10' title="bbox 328 1440 1375 1525; baseline -0.001 -16"><span class='ocrx_word' id='word_1_70' title='bbox 328 1471 389 1509; x_wconf 90' lang='grc' dir='ltr'><strong>που</strong></span> <span class='ocrx_word' id='word_1_71' title='bbox 419 1442 560 1525; x_wconf 79' lang='grc' dir='ltr'><strong><em>σχήσουσι</em></strong></span> <span class='ocrx_word' id='word_1_72' title='bbox 591 1445 721 1522; x_wconf 86' lang='grc' dir='ltr'><strong><em>διίφιλον</em></strong></span> <span class='ocrx_word' id='word_1_73' title='bbox 743 1440 862 1525; x_wconf 84' lang='grc' dir='ltr'><strong><em>Ἕκτορ’</em></strong></span> <span class='ocrx_word' id='word_1_74' title='bbox 892 1440 1010 1524; x_wconf 83' lang='grc' dir='ltr'><strong><em>Ἀχαιοί.</em></strong></span> <span class='ocrx_word' id='word_1_75' title='bbox 1056 1449 1154 1506; x_wconf 72' lang='grc' dir='ltr'><strong><em>πτίττοι</em></strong></span> <span class='ocrx_word' id='word_1_76' title='bbox 1177 1447 1291 1522; x_wconf 85' lang='lat' dir='ltr'><strong>elucet,</strong></span> <span class='ocrx_word' id='word_1_77' title='bbox 1322 1468 1375 1510; x_wconf 85' lang='lat' dir='ltr'><strong>cur</strong></span> 
     </span>
     <span class='ocr_line' id='line_1_11' title="bbox 329 1545 1374 1624; baseline -0.002 -14"><span class='ocrx_word' id='word_1_78' title='bbox 329 1553 489 1624; x_wconf 79' lang='lat' dir='ltr'><strong>Meriones,</strong></span> <span class='ocrx_word' id='word_1_79' title='bbox 512 1550 598 1610; x_wconf 83' lang='lat' dir='ltr'><strong>fortis</strong></span> <span class='ocrx_word' id='word_1_80' title='bbox 620 1551 671 1610; x_wconf 92' lang='lat' dir='ltr'><strong>ille</strong></span> <span class='ocrx_word' id='word_1_81' title='bbox 694 1549 847 1610; x_wconf 88' lang='lat' dir='ltr'><strong>Idomenei</strong></span> <span class='ocrx_word' id='word_1_82' title='bbox 870 1551 987 1624; x_wconf 82' lang='lat' dir='ltr'><strong>surige,</strong></span> <span class='ocrx_word' id='word_1_83' title='bbox 1022 1551 1057 1609; x_wconf 89' lang='lat' dir='ltr'><strong><em>N</em></strong></span> <span class='ocrx_word' id='word_1_84' title='bbox 1075 1555 1136 1610; x_wconf 81' lang='lat'><strong>254</strong></span> <span class='ocrx_word' id='word_1_85' title='bbox 1158 1577 1202 1601; x_wconf 93' lang='lat'>=</span> <span class='ocrx_word' id='word_1_86' title='bbox 1225 1556 1287 1610; x_wconf 81' lang='grc'><strong>266</strong></span> <span class='ocrx_word' id='word_1_87' title='bbox 1310 1545 1374 1620; x_wconf 85' lang='grc' dir='ltr'><strong>(τάν</strong></span> 
     </span>
     <span class='ocr_line' id='line_1_12' title="bbox 163 1641 1372 1732; baseline -0.004 -17"><span class='ocrx_word' id='word_1_88' title='bbox 163 1660 318 1728; x_wconf 81' lang='grc' dir='ltr'><strong><em>πεπνυμένος</em></strong></span> <span class='ocrx_word' id='word_1_89' title='bbox 327 1648 355 1712; x_wconf 91' lang='grc' dir='ltr'><strong>δ’</strong></span> <span class='ocrx_word' id='word_1_90' title='bbox 382 1641 422 1712; x_wconf 79' lang='grc' dir='ltr'><strong><em>αὖ</em></strong></span> <span class='ocrx_word' id='word_1_91' title='bbox 444 1645 605 1730; x_wconf 79' lang='grc' dir='ltr'><strong><em>Μηριόνης</em></strong></span> <span class='ocrx_word' id='word_1_92' title='bbox 628 1648 813 1728; x_wconf 74' lang='grc' dir='ltr'><strong><em>πεπνυμένος</em></strong></span> <span class='ocrx_word' id='word_1_93' title='bbox 843 1645 944 1710; x_wconf 92' lang='grc' dir='ltr'><strong><em>άντίον</em></strong></span> <span class='ocrx_word' id='word_1_94' title='bbox 973 1645 1065 1732; x_wconf 73' lang='grc' dir='ltr'><strong><em>ηὔδα)</em></strong></span> <span class='ocrx_word' id='word_1_95' title='bbox 1096 1653 1231 1728; x_wconf 85' lang='lat' dir='ltr'><strong>epitheto</strong></span> <span class='ocrx_word' id='word_1_96' title='bbox 1263 1672 1372 1712; x_wconf 78' lang='grc' dir='ltr'><strong><em>πεπνυ·</em></strong></span> 
     </span>
     <span class='ocr_line' id='line_1_13' title="bbox 328 1753 1372 1835; baseline -0.001 -20"><span class='ocrx_word' id='word_1_97' title='bbox 328 1753 416 1833; x_wconf 78' lang='grc' dir='ltr'><strong><em>μένος</em></strong></span> <span class='ocrx_word' id='word_1_98' title='bbox 439 1762 618 1816; x_wconf 89' lang='lat' dir='ltr'><strong>exornetur:</strong></span> <span class='ocrx_word' id='word_1_99' title='bbox 650 1755 743 1814; x_wconf 88' lang='lat' dir='ltr'><strong>multo</strong></span> <span class='ocrx_word' id='word_1_100' title='bbox 767 1755 886 1835; x_wconf 87' lang='lat' dir='ltr'><strong>quidem</strong></span> <span class='ocrx_word' id='word_1_101' title='bbox 909 1755 1007 1833; x_wconf 90' lang='lat' dir='ltr'><strong>aptius</strong></span> <span class='ocrx_word' id='word_1_102' title='bbox 1029 1755 1062 1814; x_wconf 90' lang='lat' dir='ltr'><strong>iu</strong></span> <span class='ocrx_word' id='word_1_103' title='bbox 1084 1773 1129 1815; x_wconf 81' lang='lat' dir='ltr'><strong>vs.</strong></span> <span class='ocrx_word' id='word_1_104' title='bbox 1159 1756 1189 1812; x_wconf 87' lang='grc' dir='ltr'><em>Π</em></span> <span class='ocrx_word' id='word_1_105' title='bbox 1210 1760 1269 1814; x_wconf 85' lang='grc'><strong>619</strong></span> <span class='ocrx_word' id='word_1_106' title='bbox 1295 1760 1372 1814; x_wconf 89' lang='lat' dir='ltr'><strong>cote-</strong></span> 
     </span>
     <span class='ocr_line' id='line_1_14' title="bbox 176 1851 1372 1947; baseline -0.002 -26"><span class='ocrx_word' id='word_1_107' title='bbox 176 1869 305 1947; x_wconf 73' lang='lat' dir='ltr'><strong>bouppdu·</strong></span> <span class='ocrx_word' id='word_1_108' title='bbox 329 1859 438 1936; x_wconf 86' lang='lat' dir='ltr'><strong>roquin</strong></span> <span class='ocrx_word' id='word_1_109' title='bbox 461 1858 521 1916; x_wconf 92' lang='lat' dir='ltr'><strong>illis</strong></span> <span class='ocrx_word' id='word_1_110' title='bbox 544 1859 632 1934; x_wconf 88' lang='lat' dir='ltr'><strong>plane</strong></span> <span class='ocrx_word' id='word_1_111' title='bbox 654 1858 718 1935; x_wconf 86' lang='lat' dir='ltr'><strong>pari</strong></span> <span class='ocrx_word' id='word_1_112' title='bbox 742 1851 934 1935; x_wconf 84' lang='grc' dir='ltr'><strong><em>δουρικλυτός</em></strong></span> <span class='ocrx_word' id='word_1_113' title='bbox 955 1865 1090 1920; x_wconf 82' lang='lat' dir='ltr'><strong>vocetur.</strong></span> <span class='ocrx_word' id='word_1_114' title='bbox 1128 1877 1197 1918; x_wconf 84' lang='lat' dir='ltr'><strong>nam</strong></span> <span class='ocrx_word' id='word_1_115' title='bbox 1221 1860 1299 1938; x_wconf 89' lang='lat' dir='ltr'><strong>quod</strong></span> <span class='ocrx_word' id='word_1_116' title='bbox 1322 1879 1372 1919; x_wconf 87' lang='lat' dir='ltr'><strong>ex·</strong></span> 
     </span>
     <span class='ocr_line' id='line_1_15' title="bbox 216 1952 1373 2039; baseline -0.002 -17"><span class='ocrx_word' id='word_1_117' title='bbox 216 1952 262 1994; x_wconf 57' lang='grc' dir='ltr'><strong>τος</strong></span> <span class='ocrx_word' id='word_1_118' title='bbox 329 1962 423 2022; x_wconf 85' lang='lat' dir='ltr'><strong>ausari</strong></span> <span class='ocrx_word' id='word_1_119' title='bbox 447 1965 555 2039; x_wconf 90' lang='lat' dir='ltr'><strong>potest,</strong></span> <span class='ocrx_word' id='word_1_120' title='bbox 578 1959 751 2034; x_wconf 82' lang='lat' dir='ltr'><strong>Meriousm,</strong></span> <span class='ocrx_word' id='word_1_121' title='bbox 776 1969 811 2020; x_wconf 89' lang='lat' dir='ltr'><strong>ut</strong></span> <span class='ocrx_word' id='word_1_122' title='bbox 832 1961 896 2038; x_wconf 91' lang='lat' dir='ltr'><strong>ipse</strong></span> <span class='ocrx_word' id='word_1_123' title='bbox 921 1962 956 2018; x_wconf 89' lang='lat' dir='ltr'><em>N</em></span> <span class='ocrx_word' id='word_1_124' title='bbox 975 1960 1035 2020; x_wconf 79' lang='lat'><strong>257</strong></span> <span class='ocrx_word' id='word_1_125' title='bbox 1060 1961 1155 2034; x_wconf 87' lang='lat' dir='ltr'><strong>dicct,</strong></span> <span class='ocrx_word' id='word_1_126' title='bbox 1179 1961 1281 2038; x_wconf 85' lang='lat' dir='ltr'><strong>peullo</strong></span> <span class='ocrx_word' id='word_1_127' title='bbox 1304 1966 1373 2020; x_wconf 86' lang='lat' dir='ltr'><strong>ente</strong></span> 
     </span>
     <span class='ocr_line' id='line_1_16' title="bbox 329 2056 1375 2142; baseline -0.004 -18"><span class='ocrx_word' id='word_1_128' title='bbox 329 2065 420 2124; x_wconf 90' lang='lat' dir='ltr'><strong>telum</strong></span> <span class='ocrx_word' id='word_1_129' title='bbox 443 2065 554 2124; x_wconf 82' lang='lat' dir='ltr'><strong>frustra</strong></span> <span class='ocrx_word' id='word_1_130' title='bbox 575 2065 607 2122; x_wconf 91' lang='lat' dir='ltr'><strong>in</strong></span> <span class='ocrx_word' id='word_1_131' title='bbox 625 2063 814 2140; x_wconf 88' lang='lat' dir='ltr'><strong>Deiphobum</strong></span> <span class='ocrx_word' id='word_1_132' title='bbox 836 2064 947 2124; x_wconf 84' lang='lat' dir='ltr'><strong>iactum</strong></span> <span class='ocrx_word' id='word_1_133' title='bbox 970 2065 1159 2138; x_wconf 81' lang='lat' dir='ltr'><strong>confregisse,</strong></span> <span class='ocrx_word' id='word_1_134' title='bbox 1183 2056 1375 2142; x_wconf 83' lang='grc' dir='ltr'><strong><em>δουριπλοτάν</em></strong></span> 
     </span>
     <span class='ocr_line' id='line_1_17' title="bbox 239 2149 1374 2246; baseline 0.001 -20"><span class='ocrx_word' id='word_1_135' title='bbox 239 2149 241 2153; x_wconf 29' lang='lat'><strong>¹</strong></span> <span class='ocrx_word' id='word_1_136' title='bbox 327 2167 421 2241; x_wconf 85' lang='lat' dir='ltr'><strong>igitur</strong></span> <span class='ocrx_word' id='word_1_137' title='bbox 443 2186 503 2224; x_wconf 92' lang='lat' dir='ltr'><strong>non</strong></span> <span class='ocrx_word' id='word_1_138' title='bbox 525 2186 557 2226; x_wconf 92' lang='lat' dir='ltr'><strong>se</strong></span> <span class='ocrx_word' id='word_1_139' title='bbox 578 2167 766 2244; x_wconf 72' lang='lat' dir='ltr'><strong>praebuisse,</strong></span> <span class='ocrx_word' id='word_1_140' title='bbox 795 2166 826 2224; x_wconf 90' lang='lat' dir='ltr'><strong>id</strong></span> <span class='ocrx_word' id='word_1_141' title='bbox 850 2167 923 2225; x_wconf 90' lang='lat' dir='ltr'><strong>mihi</strong></span> <span class='ocrx_word' id='word_1_142' title='bbox 947 2167 1035 2226; x_wconf 91' lang='lat' dir='ltr'><strong>nimis</strong></span> <span class='ocrx_word' id='word_1_143' title='bbox 1059 2167 1225 2246; x_wconf 85' lang='lat' dir='ltr'><strong>quaesitum</strong></span> <span class='ocrx_word' id='word_1_144' title='bbox 1247 2167 1374 2228; x_wconf 86' lang='lat' dir='ltr'><strong>videtur.</strong></span> 
     </span>
     <span class='ocr_line' id='line_1_18' title="bbox 329 2261 1370 2348; baseline -0.002 -20"><span class='ocrx_word' id='word_1_145' title='bbox 329 2289 451 2346; x_wconf 91' lang='lat' dir='ltr'><strong>prorsus</strong></span> <span class='ocrx_word' id='word_1_146' title='bbox 474 2269 603 2348; x_wconf 88' lang='lat' dir='ltr'><strong>denique</strong></span> <span class='ocrx_word' id='word_1_147' title='bbox 626 2270 776 2346; x_wconf 87' lang='lat' dir='ltr'><strong>superflua</strong></span> <span class='ocrx_word' id='word_1_148' title='bbox 796 2269 923 2328; x_wconf 73' lang='lat' dir='ltr'><strong>namatio</strong></span> <span class='ocrx_word' id='word_1_149' title='bbox 946 2269 1005 2328; x_wconf 88' lang='lat' dir='ltr'><strong>fuit</strong></span> <span class='ocrx_word' id='word_1_150' title='bbox 1027 2272 1058 2327; x_wconf 89' lang='grc' dir='ltr'><em>Λ</em></span> <span class='ocrx_word' id='word_1_151' title='bbox 1082 2273 1141 2328; x_wconf 85' lang='grc'><strong>501</strong></span> <span class='ocrx_word' id='word_1_152' title='bbox 1171 2261 1322 2346; x_wconf 80' lang='grc' dir='ltr'><strong><em>(Νέστορά</em></strong></span> <span class='ocrx_word' id='word_1_153' title='bbox 1344 2263 1370 2326; x_wconf 87' lang='grc' dir='ltr'><strong>τ’</strong></span> 
     </span>
     <span class='ocr_line' id='line_1_19' title="bbox 200 2362 1375 2451; baseline 0 -21"><span class='ocrx_word' id='word_1_154' title='bbox 200 2373 289 2442; x_wconf 76' lang='grc' dir='ltr'><strong><em>ἀρήιος</em></strong></span> <span class='ocrx_word' id='word_1_155' title='bbox 329 2366 408 2446; x_wconf 78' lang='grc' dir='ltr'><strong><em>ἀμφὶ</em></strong></span> <span class='ocrx_word' id='word_1_156' title='bbox 424 2366 515 2450; x_wconf 76' lang='grc' dir='ltr'><strong><em>μέγαν</em></strong></span> <span class='ocrx_word' id='word_1_157' title='bbox 537 2367 587 2429; x_wconf 81' lang='grc' dir='ltr'><strong><em>καὶ</em></strong></span> <span class='ocrx_word' id='word_1_158' title='bbox 604 2364 712 2448; x_wconf 88' lang='grc' dir='ltr'><strong><em>ἀρήιον</em></strong></span> <span class='ocrx_word' id='word_1_159' title='bbox 733 2363 894 2446; x_wconf 88' lang='grc' dir='ltr'><strong><em>Ἰδομενῆα)</em></strong></span> <span class='ocrx_word' id='word_1_160' title='bbox 918 2377 1007 2451; x_wconf 90' lang='lat' dir='ltr'><strong>atque</strong></span> <span class='ocrx_word' id='word_1_161' title='bbox 1027 2373 1125 2432; x_wconf 73' lang='lat'><strong>2436</strong></span> <span class='ocrx_word' id='word_1_162' title='bbox 1148 2362 1239 2446; x_wconf 85' lang='grc' dir='ltr'><strong><em>(ἀμφ’</em></strong></span> <span class='ocrx_word' id='word_1_163' title='bbox 1265 2369 1375 2430; x_wconf 86' lang='grc' dir='ltr'><strong><em>Αίάυτε</em></strong></span> 
     </span>
     <span class='ocr_line' id='line_1_20' title="bbox 176 2465 1376 2554; baseline 0 -22"><span class='ocrx_word' id='word_1_164' title='bbox 176 2467 394 2547; x_wconf 85' lang='grc' dir='ltr'><strong><em>ἀγακλοτάςδάοο</em></strong></span> <span class='ocrx_word' id='word_1_165' title='bbox 417 2471 465 2532; x_wconf 81' lang='grc' dir='ltr'><strong><em>καί</em></strong></span> <span class='ocrx_word' id='word_1_166' title='bbox 489 2465 654 2552; x_wconf 82' lang='grc' dir='ltr'><strong><em>άγαπλυτάν</em></strong></span> <span class='ocrx_word' id='word_1_167' title='bbox 672 2469 842 2550; x_wconf 87' lang='grc' dir='ltr'><strong><em>Ἰδομενῆα)</em></strong></span> <span class='ocrx_word' id='word_1_168' title='bbox 865 2480 897 2534; x_wconf 90' lang='lat' dir='ltr'><strong>et</strong></span> <span class='ocrx_word' id='word_1_169' title='bbox 913 2473 928 2546; x_wconf 86' lang='grc' dir='ltr'><em>ξ</em></span> <span class='ocrx_word' id='word_1_170' title='bbox 944 2477 1003 2534; x_wconf 81' lang='grc'><strong>287</strong></span> <span class='ocrx_word' id='word_1_171' title='bbox 1030 2467 1079 2550; x_wconf 84' lang='grc' dir='ltr'><strong>(δή</strong></span> <span class='ocrx_word' id='word_1_172' title='bbox 1100 2467 1165 2532; x_wconf 81' lang='grc' dir='ltr'><strong><em>τότ’</em></strong></span> <span class='ocrx_word' id='word_1_173' title='bbox 1191 2465 1235 2548; x_wconf 76' lang='grc' dir='ltr'><strong>ἔμ’</strong></span> <span class='ocrx_word' id='word_1_174' title='bbox 1258 2467 1376 2554; x_wconf 81' lang='grc' dir='ltr'><strong><em>ἤνωγον</em></strong></span> 
     </span>
     <span class='ocr_line' id='line_1_21' title="bbox 329 2568 1375 2658; baseline 0 -22"><span class='ocrx_word' id='word_1_175' title='bbox 329 2573 380 2636; x_wconf 83' lang='grc' dir='ltr'><strong><em>καὶ</em></strong></span> <span class='ocrx_word' id='word_1_176' title='bbox 403 2568 568 2656; x_wconf 83' lang='grc' dir='ltr'><strong><em>ἀγακλυτάν</em></strong></span> <span class='ocrx_word' id='word_1_177' title='bbox 597 2570 775 2652; x_wconf 81' lang='grc' dir='ltr'><strong><em>Ἰδομενῆα).</em></strong></span> <span class='ocrx_word' id='word_1_178' title='bbox 815 2577 975 2654; x_wconf 75' lang='lat' dir='ltr'><strong>explicatio</strong></span> <span class='ocrx_word' id='word_1_179' title='bbox 1005 2578 1125 2658; x_wconf 91' lang='lat' dir='ltr'><strong>quidem</strong></span> <span class='ocrx_word' id='word_1_180' title='bbox 1156 2577 1286 2638; x_wconf 85' lang='lat' dir='ltr'><strong>difficilis</strong></span> <span class='ocrx_word' id='word_1_181' title='bbox 1315 2597 1375 2636; x_wconf 91' lang='lat' dir='ltr'><strong>non</strong></span> 
     </span>
     <span class='ocr_line' id='line_1_22' title="bbox 330 2672 1375 2758; baseline -0.001 -19"><span class='ocrx_word' id='word_1_182' title='bbox 330 2685 384 2740; x_wconf 88' lang='lat' dir='ltr'><strong>est.</strong></span> <span class='ocrx_word' id='word_1_183' title='bbox 428 2697 516 2756; x_wconf 85' lang='lat' dir='ltr'><strong>scope</strong></span> <span class='ocrx_word' id='word_1_184' title='bbox 546 2678 672 2753; x_wconf 83' lang='lat' dir='ltr'><strong>legimus</strong></span> <span class='ocrx_word' id='word_1_185' title='bbox 696 2672 862 2754; x_wconf 84' lang='grc' dir='ltr'><strong><em>Ἰδομενεάς</em></strong></span> <span class='ocrx_word' id='word_1_186' title='bbox 895 2674 1104 2758; x_wconf 78' lang='grc' dir='ltr'><strong><em>δουρικλυτάςτ</em></strong></span> <span class='ocrx_word' id='word_1_187' title='bbox 1137 2679 1239 2758; x_wconf 87' lang='lat' dir='ltr'><strong>ithue</strong></span> <span class='ocrx_word' id='word_1_188' title='bbox 1269 2683 1375 2758; x_wconf 91' lang='lat' dir='ltr'><strong>sponte</strong></span> 
     </span>
     <span class='ocr_line' id='line_1_23' title="bbox 329 2765 1375 2860; baseline -0.001 -17"><span class='ocrx_word' id='word_1_189' title='bbox 329 2784 393 2843; x_wconf 84' lang='lat' dir='ltr'><strong>fers</strong></span> <span class='ocrx_word' id='word_1_190' title='bbox 415 2786 484 2859; x_wconf 92' lang='lat' dir='ltr'><strong>post</strong></span> <span class='ocrx_word' id='word_1_191' title='bbox 505 2801 657 2842; x_wconf 87' lang='lat' dir='ltr'><strong>caesuram</strong></span> <span class='ocrx_word' id='word_1_192' title='bbox 687 2765 765 2840; x_wconf 77' lang='grc' dir='ltr'><strong><em>πατά</em></strong></span> <span class='ocrx_word' id='word_1_193' title='bbox 794 2781 892 2860; x_wconf 84' lang='grc' dir='ltr'><strong><em>τρίτον</em></strong></span> <span class='ocrx_word' id='word_1_194' title='bbox 914 2785 1052 2860; x_wconf 84' lang='grc' dir='ltr'><strong><em>τροχαῖον</em></strong></span> <span class='ocrx_word' id='word_1_195' title='bbox 1074 2774 1239 2860; x_wconf 84' lang='grc' dir='ltr'><strong><em>ἀγακλυτάς</em></strong></span> <span class='ocrx_word' id='word_1_196' title='bbox 1270 2802 1301 2842; x_wconf 90' lang='lat' dir='ltr'><strong>se</strong></span> <span class='ocrx_word' id='word_1_197' title='bbox 1324 2783 1375 2842; x_wconf 92' lang='lat' dir='ltr'><strong>ob·</strong></span> 
     </span>
     <span class='ocr_line' id='line_1_24' title="bbox 330 2878 1375 2962; baseline -0.002 -16"><span class='ocrx_word' id='word_1_198' title='bbox 330 2886 409 2946; x_wconf 88' lang='lat' dir='ltr'><strong>tulit.</strong></span> <span class='ocrx_word' id='word_1_199' title='bbox 448 2884 555 2944; x_wconf 88' lang='lat' dir='ltr'><strong>deinde</strong></span> <span class='ocrx_word' id='word_1_200' title='bbox 577 2883 803 2944; x_wconf 86' lang='lat' dir='ltr'><strong>usitatissimum</strong></span> <span class='ocrx_word' id='word_1_201' title='bbox 826 2889 896 2944; x_wconf 83' lang='lat' dir='ltr'><strong>ente</strong></span> <span class='ocrx_word' id='word_1_202' title='bbox 919 2884 955 2944; x_wconf 85' lang='lat' dir='ltr'><strong>V.</strong></span> <span class='ocrx_word' id='word_1_203' title='bbox 978 2885 1083 2962; x_wconf 90' lang='lat' dir='ltr'><strong>pedem</strong></span> <span class='ocrx_word' id='word_1_204' title='bbox 1107 2878 1213 2962; x_wconf 89' lang='grc' dir='ltr'><strong><em>ἀρήιος</em></strong></span> <span class='ocrx_word' id='word_1_205' title='bbox 1235 2891 1296 2945; x_wconf 81' lang='lat' dir='ltr'><strong>est:</strong></span> <span class='ocrx_word' id='word_1_206' title='bbox 1317 2884 1375 2944; x_wconf 88' lang='lat' dir='ltr'><strong>ita·</strong></span> 
     </span>
     <span class='ocr_line' id='line_1_25' title="bbox 331 2979 1374 3067; baseline -0.001 -21"><span class='ocrx_word' id='word_1_207' title='bbox 331 2982 389 3067; x_wconf 87' lang='lat' dir='ltr'><strong>que</strong></span> <span class='ocrx_word' id='word_1_208' title='bbox 412 2979 518 3064; x_wconf 85' lang='grc' dir='ltr'><strong><em>ἀρήιος</em></strong></span> <span class='ocrx_word' id='word_1_209' title='bbox 547 3007 607 3045; x_wconf 83' lang='grc' dir='ltr'><strong>υου</strong></span> <span class='ocrx_word' id='word_1_210' title='bbox 630 2986 729 3046; x_wconf 88' lang='lat' dir='ltr'><strong>minus</strong></span> <span class='ocrx_word' id='word_1_211' title='bbox 751 2986 838 3046; x_wconf 82' lang='lat' dir='ltr'><strong>focile</strong></span> <span class='ocrx_word' id='word_1_212' title='bbox 861 2987 990 3064; x_wconf 87' lang='lat' dir='ltr'><strong>irrepsit.</strong></span> <span class='ocrx_word' id='word_1_213' title='bbox 1039 2989 1090 3048; x_wconf 88' lang='lat' dir='ltr'><strong>ssd</strong></span> <span class='ocrx_word' id='word_1_214' title='bbox 1113 2987 1249 3046; x_wconf 90' lang='lat' dir='ltr'><strong>consulto</strong></span> <span class='ocrx_word' id='word_1_215' title='bbox 1270 2991 1374 3065; x_wconf 83' lang='lat' dir='ltr'><strong>poetas</strong></span> 
     </span>
    </p>

    <p class='ocr_par' dir='ltr' id='par_1_3' title="bbox 185 3089 1378 4400">
     <span class='ocr_line' id='line_1_26' title="bbox 331 3089 1034 3150; baseline 0 0"><span class='ocrx_word' id='word_1_216' title='bbox 331 3097 392 3150; x_wconf 80' lang='lat' dir='ltr'><strong>tum</strong></span> <span class='ocrx_word' id='word_1_217' title='bbox 414 3089 619 3150; x_wconf 77' lang='lat' dir='ltr'><strong>inconstantes</strong></span> <span class='ocrx_word' id='word_1_218' title='bbox 640 3089 733 3148; x_wconf 84' lang='lat' dir='ltr'><strong>fuisse</strong></span> <span class='ocrx_word' id='word_1_219' title='bbox 755 3109 842 3149; x_wconf 90' lang='lat' dir='ltr'><strong>nemo</strong></span> <span class='ocrx_word' id='word_1_220' title='bbox 866 3091 1034 3150; x_wconf 87' lang='lat' dir='ltr'><strong>contendet.</strong></span> 
     </span>
     <span class='ocr_line' id='line_1_27' title="bbox 185 3184 1377 3272; baseline -0.001 -20"><span class='ocrx_word' id='word_1_221' title='bbox 185 3195 304 3264; x_wconf 67' lang='grc' dir='ltr'><strong><em>θεοειδής</em></strong></span> <span class='ocrx_word' id='word_1_222' title='bbox 417 3191 599 3252; x_wconf 84' lang='lat' dir='ltr'><strong>Enumeravi</strong></span> <span class='ocrx_word' id='word_1_223' title='bbox 622 3191 702 3253; x_wconf 84' lang='lat' dir='ltr'><strong>inter</strong></span> <span class='ocrx_word' id='word_1_224' title='bbox 723 3191 775 3250; x_wconf 86' lang='lat' dir='ltr'><strong>illo</strong></span> <span class='ocrx_word' id='word_1_225' title='bbox 797 3192 930 3269; x_wconf 88' lang='lat' dir='ltr'><strong>epitheta</strong></span> <span class='ocrx_word' id='word_1_226' title='bbox 952 3193 1040 3252; x_wconf 86' lang='lat' dir='ltr'><strong>etiem</strong></span> <span class='ocrx_word' id='word_1_227' title='bbox 1056 3184 1206 3268; x_wconf 87' lang='grc' dir='ltr'><strong><em>θεοειδής,</em></strong></span> <span class='ocrx_word' id='word_1_228' title='bbox 1229 3193 1319 3272; x_wconf 88' lang='lat' dir='ltr'><strong>idque</strong></span> <span class='ocrx_word' id='word_1_229' title='bbox 1341 3211 1377 3251; x_wconf 87' lang='lat' dir='ltr'><strong>ea</strong></span> 
     </span>
     <span class='ocr_line' id='line_1_28' title="bbox 332 3294 1377 3374; baseline 0.003 -21"><span class='ocrx_word' id='word_1_230' title='bbox 332 3297 367 3354; x_wconf 89' lang='lat' dir='ltr'><strong>de</strong></span> <span class='ocrx_word' id='word_1_231' title='bbox 390 3313 486 3368; x_wconf 83' lang='lat' dir='ltr'><strong>causa,</strong></span> <span class='ocrx_word' id='word_1_232' title='bbox 511 3295 588 3374; x_wconf 92' lang='lat' dir='ltr'><strong>quod</strong></span> <span class='ocrx_word' id='word_1_233' title='bbox 611 3294 691 3352; x_wconf 85' lang='lat' dir='ltr'><strong>haud</strong></span> <span class='ocrx_word' id='word_1_234' title='bbox 713 3314 782 3354; x_wconf 80' lang='grc' dir='ltr'><strong><em>τοτα</em></strong></span> <span class='ocrx_word' id='word_1_235' title='bbox 806 3314 872 3354; x_wconf 89' lang='lat' dir='ltr'><strong>cum</strong></span> <span class='ocrx_word' id='word_1_236' title='bbox 887 3295 1058 3355; x_wconf 90' lang='lat' dir='ltr'><strong>nominibus</strong></span> <span class='ocrx_word' id='word_1_237' title='bbox 1074 3295 1203 3374; x_wconf 86' lang='lat' dir='ltr'><strong>propriis</strong></span> <span class='ocrx_word' id='word_1_238' title='bbox 1220 3295 1377 3372; x_wconf 84' lang='lat' dir='ltr'><strong>copuletur</strong></span> 
     </span>
     <span class='ocr_line' id='line_1_29' title="bbox 330 3390 1376 3480; baseline -0.001 -23"><span class='ocrx_word' id='word_1_239' title='bbox 330 3417 406 3480; x_wconf 85' lang='lat' dir='ltr'><strong>quse</strong></span> <span class='ocrx_word' id='word_1_240' title='bbox 428 3397 460 3456; x_wconf 92' lang='lat' dir='ltr'><strong>in</strong></span> <span class='ocrx_word' id='word_1_241' title='bbox 483 3396 599 3456; x_wconf 80' lang='lat' dir='ltr'><strong>ossibus</strong></span> <span class='ocrx_word' id='word_1_242' title='bbox 623 3396 752 3478; x_wconf 88' lang='lat' dir='ltr'><strong>obliquis</strong></span> <span class='ocrx_word' id='word_1_243' title='bbox 776 3418 841 3457; x_wconf 91' lang='lat' dir='ltr'><strong>oum</strong></span> <span class='ocrx_word' id='word_1_244' title='bbox 865 3391 1040 3476; x_wconf 78' lang='grc' dir='ltr'><strong><em>μεγάθυμος</em></strong></span> <span class='ocrx_word' id='word_1_245' title='bbox 1062 3404 1092 3458; x_wconf 88' lang='lat' dir='ltr'><strong>et</strong></span> <span class='ocrx_word' id='word_1_246' title='bbox 1114 3390 1284 3478; x_wconf 82' lang='grc' dir='ltr'><strong><em>μιγαλήτοορ</em></strong></span> <span class='ocrx_word' id='word_1_247' title='bbox 1306 3417 1376 3457; x_wconf 88' lang='lat' dir='ltr'><strong>con-</strong></span> 
     </span>
     <span class='ocr_line' id='line_1_30' title="bbox 328 3492 1375 3582; baseline -0.002 -22"><span class='ocrx_word' id='word_1_248' title='bbox 328 3500 412 3574; x_wconf 82' lang='lat' dir='ltr'><strong>iungi</strong></span> <span class='ocrx_word' id='word_1_249' title='bbox 436 3499 542 3560; x_wconf 87' lang='lat' dir='ltr'><strong>solent.</strong></span> <span class='ocrx_word' id='word_1_250' title='bbox 582 3519 651 3558; x_wconf 84' lang='lat' dir='ltr'><strong>nem</strong></span> <span class='ocrx_word' id='word_1_251' title='bbox 682 3500 707 3559; x_wconf 90' lang='lat' dir='ltr'><strong>si</strong></span> <span class='ocrx_word' id='word_1_252' title='bbox 730 3493 929 3580; x_wconf 83' lang='grc' dir='ltr'><strong><em>μεγαλήτορος</em></strong></span> <span class='ocrx_word' id='word_1_253' title='bbox 946 3493 1150 3582; x_wconf 78' lang='grc' dir='ltr'><strong><em>ἈλυινάοιοΙ,</em></strong></span> <span class='ocrx_word' id='word_1_254' title='bbox 1174 3533 1214 3545; x_wconf 90' lang='lat'><strong>·—</strong></span> <span class='ocrx_word' id='word_1_255' title='bbox 1239 3492 1375 3579; x_wconf 82' lang='grc' dir='ltr'><strong><em>Εὐρυλό-</em></strong></span> 
     </span>
     <span class='ocr_line' id='line_1_31' title="bbox 329 3594 1377 3684; baseline 0 -22"><span class='ocrx_word' id='word_1_256' title='bbox 329 3623 394 3680; x_wconf 89' lang='grc' dir='ltr'><strong><em>χοιο</em></strong></span> <span class='ocrx_word' id='word_1_257' title='bbox 408 3601 431 3684; x_wconf 80' lang='grc' dir='ltr'><strong>Ι,</strong></span> <span class='ocrx_word' id='word_1_258' title='bbox 454 3594 633 3682; x_wconf 79' lang='grc' dir='ltr'><strong><em>μεγαθύμου</em></strong></span> <span class='ocrx_word' id='word_1_259' title='bbox 661 3596 874 3684; x_wconf 71' lang='grc' dir='ltr'><strong><em>Τηλεμάχοιοή,</em></strong></span> <span class='ocrx_word' id='word_1_260' title='bbox 903 3596 1075 3680; x_wconf 75' lang='grc' dir='ltr'><strong><em>Τηλεμάχου</em></strong></span> <span class='ocrx_word' id='word_1_261' title='bbox 1097 3647 1154 3666; x_wconf 89' lang='grc'><strong>...</strong></span> <span class='ocrx_word' id='word_1_262' title='bbox 1177 3597 1377 3682; x_wconf 81' lang='grc' dir='ltr'><strong><em>μεγαλήτορος</em></strong></span> 
     </span>
     <span class='ocr_line' id='line_1_32' title="bbox 330 3697 1377 3788; baseline -0.003 -22"><span class='ocrx_word' id='word_1_263' title='bbox 330 3710 400 3766; x_wconf 72' lang='lat' dir='ltr'><strong>ente</strong></span> <span class='ocrx_word' id='word_1_264' title='bbox 423 3706 458 3766; x_wconf 81' lang='lat' dir='ltr'><strong>V.</strong></span> <span class='ocrx_word' id='word_1_265' title='bbox 480 3707 565 3783; x_wconf 78' lang='lat' dir='ltr'><strong>ped,</strong></span> <span class='ocrx_word' id='word_1_266' title='bbox 591 3699 719 3788; x_wconf 76' lang='grc' dir='ltr'><strong><em>Πριάμῳ</em></strong></span> <span class='ocrx_word' id='word_1_267' title='bbox 742 3697 915 3785; x_wconf 87' lang='grc' dir='ltr'><strong><em>μεγαλήτορι</em></strong></span> <span class='ocrx_word' id='word_1_268' title='bbox 937 3714 1007 3766; x_wconf 88' lang='lat' dir='ltr'><strong>ante</strong></span> <span class='ocrx_word' id='word_1_269' title='bbox 1030 3706 1065 3766; x_wconf 91' lang='lat' dir='ltr'><strong>V.</strong></span> <span class='ocrx_word' id='word_1_270' title='bbox 1088 3707 1171 3784; x_wconf 80' lang='lat' dir='ltr'><strong>ped,</strong></span> <span class='ocrx_word' id='word_1_271' title='bbox 1191 3699 1377 3764; x_wconf 70' lang='grc' dir='ltr'><strong><em>’Ναυσίθοον</em></strong></span> 
     </span>
     <span class='ocr_line' id='line_1_33' title="bbox 331 3801 1375 3888; baseline 0.004 -24"><span class='ocrx_word' id='word_1_272' title='bbox 331 3801 507 3888; x_wconf 77' lang='grc' dir='ltr'><strong><em>μεγάθυμον</em></strong></span> <span class='ocrx_word' id='word_1_273' title='bbox 528 3808 562 3866; x_wconf 92' lang='lat' dir='ltr'><strong>in</strong></span> <span class='ocrx_word' id='word_1_274' title='bbox 583 3809 672 3870; x_wconf 89' lang='lat' dir='ltr'><strong>initio</strong></span> <span class='ocrx_word' id='word_1_275' title='bbox 694 3828 798 3870; x_wconf 85' lang='lat' dir='ltr'><strong>versus</strong></span> <span class='ocrx_word' id='word_1_276' title='bbox 813 3813 920 3886; x_wconf 81' lang='lat' dir='ltr'><strong>poetas</strong></span> <span class='ocrx_word' id='word_1_277' title='bbox 935 3809 1024 3870; x_wconf 84' lang='lat' dir='ltr'><strong>veriti</strong></span> <span class='ocrx_word' id='word_1_278' title='bbox 1041 3829 1101 3868; x_wconf 90' lang='lat' dir='ltr'><strong>non</strong></span> <span class='ocrx_word' id='word_1_279' title='bbox 1117 3814 1195 3881; x_wconf 83' lang='lat' dir='ltr'><strong>sunt,</strong></span> <span class='ocrx_word' id='word_1_280' title='bbox 1218 3829 1271 3868; x_wconf 89' lang='lat' dir='ltr'><strong>our</strong></span> <span class='ocrx_word' id='word_1_281' title='bbox 1293 3827 1375 3884; x_wconf 89' lang='lat' dir='ltr'><strong>spre-</strong></span> 
     </span>
     <span class='ocr_line' id='line_1_34' title="bbox 331 3902 1376 3992; baseline -0.005 -19"><span class='ocrx_word' id='word_1_282' title='bbox 331 3917 441 3973; x_wconf 84' lang='lat' dir='ltr'><strong>verunt</strong></span> <span class='ocrx_word' id='word_1_283' title='bbox 466 3902 616 3978; x_wconf 85' lang='grc' dir='ltr'><strong><em>Ἀλκίνοος</em></strong></span> <span class='ocrx_word' id='word_1_284' title='bbox 644 3903 844 3992; x_wconf 85' lang='grc' dir='ltr'><strong><em>μεγαλήτωρΙ,</em></strong></span> <span class='ocrx_word' id='word_1_285' title='bbox 882 3907 1049 3988; x_wconf 74' lang='grc' dir='ltr'><strong><em>Τηλέμαχος</em></strong></span> <span class='ocrx_word' id='word_1_286' title='bbox 1071 3905 1259 3990; x_wconf 81' lang='grc' dir='ltr'><strong><em>μεγάθυμοςΙ</em></strong></span> <span class='ocrx_word' id='word_1_287' title='bbox 1292 3907 1376 3969; x_wconf 80' lang='lat' dir='ltr'><strong>siml</strong></span> 
     </span>
     <span class='ocr_line' id='line_1_35' title="bbox 331 4005 1378 4093; baseline -0.004 -19"><span class='ocrx_word' id='word_1_288' title='bbox 331 4034 383 4074; x_wconf 88' lang='lat' dir='ltr'><strong>cur</strong></span> <span class='ocrx_word' id='word_1_289' title='bbox 397 4014 496 4090; x_wconf 92' lang='lat' dir='ltr'><strong>potius</strong></span> <span class='ocrx_word' id='word_1_290' title='bbox 515 4005 668 4082; x_wconf 73' lang='grc' dir='ltr'><strong><em>’Λλκίνοος</em></strong></span> <span class='ocrx_word' id='word_1_291' title='bbox 681 4006 835 4093; x_wconf 75' lang='grc' dir='ltr'><strong><em>θεοειδής)</em></strong></span> <span class='ocrx_word' id='word_1_292' title='bbox 860 4014 924 4074; x_wconf 87' lang='lat' dir='ltr'><strong>sim.</strong></span> <span class='ocrx_word' id='word_1_293' title='bbox 954 4011 1138 4090; x_wconf 84' lang='lat' dir='ltr'><strong>posuerunt?</strong></span> <span class='ocrx_word' id='word_1_294' title='bbox 1160 4013 1378 4072; x_wconf 75' lang='lat' dir='ltr'><strong>nominativum</strong></span> 
     </span>
     <span class='ocr_line' id='line_1_36' title="bbox 332 4109 1377 4197; baseline -0.002 -23"><span class='ocrx_word' id='word_1_295' title='bbox 332 4116 451 4197; x_wconf 87' lang='lat' dir='ltr'><strong>quidem</strong></span> <span class='ocrx_word' id='word_1_296' title='bbox 483 4112 652 4193; x_wconf 83' lang='grc' dir='ltr'><strong><em>μεγαλήταρ</em></strong></span> <span class='ocrx_word' id='word_1_297' title='bbox 683 4135 800 4192; x_wconf 88' lang='lat' dir='ltr'><strong>semper</strong></span> <span class='ocrx_word' id='word_1_298' title='bbox 827 4117 985 4190; x_wconf 81' lang='lat' dir='ltr'><strong>fugerunt,</strong></span> <span class='ocrx_word' id='word_1_299' title='bbox 1017 4116 1069 4175; x_wconf 88' lang='lat' dir='ltr'><strong>ssd</strong></span> <span class='ocrx_word' id='word_1_300' title='bbox 1092 4109 1268 4195; x_wconf 84' lang='grc' dir='ltr'><strong><em>μεγάθυμον</em></strong></span> <span class='ocrx_word' id='word_1_301' title='bbox 1289 4114 1377 4195; x_wconf 89' lang='lat' dir='ltr'><strong>quin·</strong></span> 
     </span>
     <span class='ocr_line' id='line_1_37' title="bbox 333 4211 1377 4298; baseline -0.001 -22"><span class='ocrx_word' id='word_1_302' title='bbox 333 4219 427 4298; x_wconf 91' lang='lat' dir='ltr'><strong>quies,</strong></span> <span class='ocrx_word' id='word_1_303' title='bbox 451 4212 635 4297; x_wconf 80' lang='grc' dir='ltr'><strong><em>μεγαθύμων</em></strong></span> <span class='ocrx_word' id='word_1_304' title='bbox 657 4225 712 4291; x_wconf 90' lang='lat' dir='ltr'><strong>ter,</strong></span> <span class='ocrx_word' id='word_1_305' title='bbox 735 4211 930 4296; x_wconf 77' lang='grc' dir='ltr'><strong><em>μεγαθύμους</em></strong></span> <span class='ocrx_word' id='word_1_306' title='bbox 953 4225 1060 4298; x_wconf 89' lang='lat' dir='ltr'><strong>quater</strong></span> <span class='ocrx_word' id='word_1_307' title='bbox 1080 4217 1113 4278; x_wconf 91' lang='lat' dir='ltr'><strong>in</strong></span> <span class='ocrx_word' id='word_1_308' title='bbox 1128 4217 1189 4278; x_wconf 90' lang='lat' dir='ltr'><strong>fine</strong></span> <span class='ocrx_word' id='word_1_309' title='bbox 1204 4237 1308 4280; x_wconf 88' lang='lat' dir='ltr'><strong>versus</strong></span> <span class='ocrx_word' id='word_1_310' title='bbox 1330 4217 1377 4276; x_wconf 92' lang='lat' dir='ltr'><strong>in·</strong></span> 
     </span>
     <span class='ocr_line' id='line_1_38' title="bbox 331 4320 1377 4400; baseline -0.005 -16"><span class='ocrx_word' id='word_1_311' title='bbox 331 4321 477 4384; x_wconf 80' lang='lat' dir='ltr'><strong>venimus.</strong></span> <span class='ocrx_word' id='word_1_312' title='bbox 523 4340 593 4379; x_wconf 85' lang='lat' dir='ltr'><strong>usus</strong></span> <span class='ocrx_word' id='word_1_313' title='bbox 616 4321 708 4394; x_wconf 79' lang='lat' dir='ltr'><strong>igitur</strong></span> <span class='ocrx_word' id='word_1_314' title='bbox 738 4321 882 4380; x_wconf 88' lang='lat' dir='ltr'><strong>eiusmodi</strong></span> <span class='ocrx_word' id='word_1_315' title='bbox 912 4323 1073 4384; x_wconf 83' lang='lat' dir='ltr'><strong>verborum</strong></span> <span class='ocrx_word' id='word_1_316' title='bbox 1103 4320 1287 4400; x_wconf 75' lang='lat' dir='ltr'><strong>copulationi</strong></span> <span class='ocrx_word' id='word_1_317' title='bbox 1315 4340 1377 4380; x_wconf 92' lang='lat' dir='ltr'><strong>non</strong></span> 
     </span>
    </p>
   </div>
   <div class='ocr_carea' id='block_1_3' title="bbox 0 0 1609 4974">
    <p class='ocr_par' dir='ltr' id='par_1_4' title="bbox 0 0 1609 4974">
     <span class='ocr_line' id='line_1_39' title="bbox 0 0 1609 4974; baseline 0 0"><span class='ocrx_word' id='word_1_318' title='bbox 0 0 1609 4974; x_wconf 95' lang='lat' dir='ltr'><strong> </strong></span> 
     </span>
    </p>
   </div>
  </div>
 </body>
</html>
