3192 4974
666 442 878 512 -41-

245 635 332 692 μητις
353 607 515 686 Ὀδυσσεύς
538 621 658 690 exeunt,
680 635 819 690 magnam
841 621 958 693 partem
978 616 1060 676 inter
1082 636 1113 676 ee
1136 617 1184 677 vel
1207 637 1295 693 pares

245 718 294 777 vel
325 718 436 778 similes
468 738 532 778 esse
558 719 721 782 tenendum
744 724 798 782 eet.
821 754 862 764 -
885 713 1026 800 ἀμφιάλῳ
1048 711 1155 802 Ἰθάκη
1178 724 1246 796 poet
1269 721 1294 778 I.
1316 721 1447 793 ἅμφίαλσς

247 820 316 896 ped.
341 822 486 900 quater1)
517 822 550 882 in
573 821 659 882 libris
682 843 700 878 α
723 819 795 897 είβ
824 822 951 897 legitur,
984 823 1034 902 qui
1066 822 1144 882 nihil
1173 824 1294 882 demon·

246 929 359 995 strant,
393 924 424 982 in
446 923 534 1006 initio
557 929 676 998 φ252;
699 925 772 984 item
794 918 931 1004 διογενής
952 917 1094 993 Ὀδυσεύς
1116 926 1204 984 modo
1227 929 1295 1002 poet
1324 927 1442 997 διογενεῖς

246 1027 271 1086 Ι.
294 1026 360 1104 ped.
391 1026 478 1086 modo
509 1027 542 1084 in
568 1027 665 1086 initio.
710 1021 910 1100 (Ποσειδάων)
939 1019 1081 1105 γαιήοχος
1109 1023 1294 1105 είνοσίγαιος,
1310 1033 1460 1100 εἰισοίγαιος

245 1122 352 1198 κλυτός
374 1124 550 1208 είυοσίγαισς
572 1131 593 1206 ί,
610 1122 772 1207 ἐρικτύπου
795 1126 996 1208 ἔννοσιγαίου,
1027 1121 1222 1208 βαρύκτυπος
1244 1161 1295 1203 -,

247 1223 369 1307 ταύρεος
392 1226 575 1310 ἐννοσίγαιος
604 1233 636 1290 in
659 1233 744 1308 Ηεε.)
775 1252 892 1310 semper
914 1253 1034 1294 versum
1056 1233 1213 1305 elendunt5
1245 1233 1296 1294 aed

246 1354 307 1394 vox
335 1329 511 1413 είνοσίγαιος
538 1335 618 1394 nuda
648 1355 704 1395 nee
726 1355 791 1396 eum
814 1337 960 1395 attributo
984 1335 1144 1396 eoniunete
1166 1336 1297 1414 complu-

246 1438 306 1498 riae
329 1442 398 1515 post
418 1437 444 1498 I.
467 1438 534 1516 ped.
557 1439 740 1514 regreditur:
773 1459 852 1498 nom.
877 1440 919 1496 M
931 1440 987 1511 27,
1018 1459 1078 1502 aee.
1102 1441 1210 1512 2102,
1233 1459 1296 1500 voe.

251 1542 278 1596 Y
291 1546 341 1613 20,
364 1542 394 1600 h.
410 1541 508 1600 XXII
524 1541 594 1619 4²).
617 1541 714 1600 solum
729 1542 871 1620 Aethion.
893 1544 931 1603 fr.
946 1543 999 1602 ΠΙ
1020 1542 1062 1621 (p.
1079 1542 1132 1619 35)
1154 1543 1298 1616 legimus:

248 1635 340 1711 αὐτὸς
361 1635 418 1721 γάρ
441 1659 514 1716 σφιν
537 1639 630 1702 ίδοικε
652 1637 750 1722 πατὴρ
773 1640 845 1724 γε’ρα
862 1636 1062 1724 Ἐννοσίγαιος
1080 1643 1085 1726 1
1105 1638 1298 1723 ἀμφοτέροις,

248 1766 287 1806 ee.
311 1746 469 1808 Meehaoni
493 1751 524 1805 et
547 1746 710 1808 Podalirio.
746 1749 796 1808 aed
827 1748 970 1808 traditum
1001 1754 1048 1808 est
1074 1741 1173 1826 πατὴρ
1204 1744 1298 1806 ἐνοσί-

250 1868 333 1925 γαιος
364 1851 463 1906 πεσεῖν
492 1841 694 1927 ἀμφοτέροις,
725 1851 776 1908 nbi
807 1853 907 1908 πεσεῖν
935 1850 1052 1910 librarii
1082 1870 1213 1910 errorem
1243 1871 1297 1930 pro

250 1949 353 2010 παισίν
383 1970 447 2012 esee
470 1971 572 2012 omnes
595 1953 795 2030 consentiunt.
830 1954 881 2012 sed
904 1973 971 2014 enm
993 1953 1044 2014 alii
1072 1956 1130 2014 hoe
1151 1953 1299 2028 glossema

248 2055 285 2114 ad
307 2046 489 2130 ἀμφοτέροις
511 2055 694 2132 adscriptum
717 2077 782 2115 esee
804 2056 900 2116 velint
922 2062 952 2116 et
967 2076 1033 2116 eum
1049 2058 1210 2116 Duebnero
1226 2052 1298 2134 γέρα

249 2160 318 2232 poet
332 2148 429 2234 πατὴρ
451 2157 597 2232 inserant,
620 2159 795 2222 wolckerus
818 2152 915 2237 πατὴρ
939 2152 1081 2235 νυυσήλια
1104 2157 1207 2218 παισίν
1229 2179 1298 2220 eon·

247 2259 327 2318 iecit.
361 2260 435 2320 eerti
459 2280 612 2340 nunquam
636 2261 799 2341 quidquam
823 2261 882 2322 diei
906 2263 1027 2340 poterit,
1051 2263 1192 2342 quoniam
1215 2268 1298 2322 ante·

248 2362 385 2422 cedentia
413 2363 578 2440 perierunt.
612 2369 743 2424 attamen
774 2365 799 2424 ei
827 2365 931 2425 inhia
954 2365 1024 2445 quid
1048 2366 1206 2442 Neptunus
1228 2366 1299 2426 filiis

249 2465 421 2526 donavisset
443 2473 532 2543 poete
554 2467 757 2541 indicaverat,
780 2460 879 2545 πατήρ
902 2461 1008 2536 κλυτός
1031 2465 1208 2546 εἰνοσίγαιος
1231 2487 1298 2528 eum

248 2568 401 2645 seripsieae
431 2569 617 2630 crediderim.
641 2606 679 2614 -
714 2563 919 2650 (Ποσειδάων)
953 2565 1072 2649 γαιήοχε
1101 2569 1295 2652 κυανοχαῖτα)
1316 2571 1449 2640 κυανοχαί-

248 2675 346 2744 ι528,
368 2672 397 2729 h.
414 2671 511 2730 XXII
535 2677 564 2750 6,
590 2672 703 2747 0174,
728 2677 799 2747 201,
822 2669 992 2750 ἐνοσίχθονι
1015 2671 1211 2757 κυανοχαίτηί
1236 2681 1297 2753 γ6,
1358 2658 1406 2707 της

247 2772 459 2851 κυανοχαίτης)
487 2776 606 2848 Τ144,
630 2781 717 2834 ι586
742 2777 896 2854 (Ηει.Τίι.
913 2777 1004 2855 278),
1037 2768 1161 2854 Ἀρείονι
1191 2798 1299 2836 κυανο-

247 2873 347 2958 χαίτηΙ
371 2877 465 2937 Theb.
488 2878 524 2937 fr.
542 2878 586 2936 IV
609 2877 649 2955 (p.
665 2877 715 2956 12)
737 2879 881 2954 legimus,
914 2881 964 2939 sed
988 2881 1168 2955 κυανοχαῖτα
1193 2880 1299 2938 Ποσει-

248 2970 331 3036 δάων
356 2979 391 3036 Ν
403 2983 474 3053 563,
496 2975 597 3044 Ξ390
621 3001 741 3042 versum
762 2982 882 3058 ineipit.
915 2988 1034 3042 vetusta
1055 2981 1150 3056 igitur
1171 2983 1299 3042 formula

248 3080 373 3142 Aeolica
395 3085 573 3160 κυανοχαῖτα
601 3083 634 3143 in
656 3085 762 3156 initio,
791 3085 943 3146 recentior
966 3083 1161 3161 κυανοχαίτης
1182 3085 1215 3144 in
1238 3087 1299 3145 fine

249 3183 321 3260 poni
351 3183 485 3258 videtur,
517 3204 608 3266 quere
638 3187 808 3248 voeativum
840 3185 1036 3264 κυανοχαῖτα)
1066 3208 1084 3247 a
1113 3187 1298 3250 nominativo

249 3285 446 3364 κυανοχαίτης
475 3288 671 3350 derivandum
700 3309 764 3349 esee
797 3290 952 3368 νεοσσοί).
976 3324 1017 3334 -
1047 3287 1189 3367 ἐρίβωλον
1219 3290 1299 3369 (σιν)
1324 3289 1445 3359 &allelon

250 3389 296 3450 bie
309 3389 338 3466 ⁴)
361 3389 392 3448 in
417 3393 493 3465 fine,
520 3390 610 3470 5105)
633 3399 703 3453 ante
726 3400 892 3454 extremum
915 3394 1150 3472 amphibrachyn
1174 3393 1299 3454 eolloea·

251 3501 315 3566 tur,
346 3514 406 3552 nno
435 3495 502 3554 loeo
532 3487 600 3574 (εἴμ’
629 3493 662 3556 ἐκ
688 3495 832 3574 Παιονίης
860 3490 1020 3574 ἐριβώλου,
1052 3491 1154 3573 τηλόθ’
1183 3489 1298 3570 ἐούσης,

252 3596 280 3652 Φ
300 3596 372 3675 154)
398 3603 468 3657 ente
491 3617 643 3659 eaeenram
667 3601 847 3673 bucolieam,
878 3600 943 3659 sine
966 3600 1073 3674 dubio,
1106 3600 1177 3680 quie
1198 3599 1299 3660 verbis

321 3818 345 3882 1)
363 3835 380 3870 α
398 3821 457 3882 388,
477 3822 526 3870 393
544 3841 578 3862 =
597 3821 613 3887 β
631 3822 689 3878 293,
709 3835 725 3870 α
743 3821 801 3868 401.

319 3903 344 3968 2)
362 3907 412 3956 elia
428 3921 468 3955 ree
487 3912 539 3967 eet,
564 3922 620 3955 eum
638 3897 766 3970 εἰνοσίγαί
792 3921 842 3953 σοι,
866 3907 965 3967 syllaba
991 3906 1091 3954 brevior
1116 3908 1201 3954 autin
1220 3908 1301 3966 eapite

250 4007 337 4040 versus
356 3993 437 4052 posite
455 3997 492 4040 est
509 3998 552 4043 eut
569 3995 628 4042 item
645 3997 702 4054 post
719 3994 739 4039 1.
757 3992 854 4052 pedem.

318 4078 343 4139 3)
362 4091 464 4140 prorsus
482 4078 570 4126 vitiose
583 4078 726 4126 Antimaehi
737 4092 826 4124 versus
844 4077 994 4136 compositus
1012 4083 1064 4126 est:
1082 4073 1159 4140 πατρί
1170 4090 1199 4126 τε
1212 4090 1299 4126 κυανο-

249 4165 325 4228 χαῖτα
342 4159 507 4214 Ποσειδάωνι
524 4159 661 4223 πεποιθώς,
679 4163 757 4212 Theb.
774 4163 805 4210 fr.
818 4161 917 4210 XXVII
935 4162 969 4227 (p.
984 4161 1052 4226 284).

317 4245 614 4314 4)Ι323,11.11411.

319 4331 345 4398 ὅ)
363 4331 388 4384 Σ
407 4337 447 4396 07,
466 4330 497 4384 Ψ
516 4337 574 4396 215,
593 4331 607 4384 Ι
624 4337 684 4396 363,
702 4332 728 4385 Φ
747 4336 804 4397 232,
825 4349 837 4385 ε
856 4337 896 4385 34.
