3192 4974
738 494 950 563 ..46-

320 669 454 744 raturl).
492 667 552 727 alia
574 672 673 727 autem
697 672 743 727 est
763 667 857 741 ratio,
892 687 958 727 cum
981 668 1138 746 epitheton
1171 670 1309 750 quamvis
1332 671 1369 744 ei,

321 771 369 833 cui
392 771 521 844 additur,
543 776 646 847 aptum
667 771 699 830 in
723 771 850 850 aliisque
871 771 1049 850 frequenter
1069 777 1246 851 usurpatum
1268 777 1369 832 tamen

180 879 296 951 ἠύκομος
321 875 474 948 singulare
490 880 544 934 ost.
590 874 730 935 Minerva
746 873 880 951 epitheto
904 865 1037 949 ἠύκομος
1058 875 1091 934 in
1106 875 1284 936 mulieribus
1307 897 1370 936 cre-

319 975 450 1038 berrimo
473 997 626 1057 nunquam
648 977 812 1036 instruitur
833 977 893 1034 nisi
914 977 948 1035 in
968 997 1059 1038 vorsu
1081 983 1129 1037 ter
1149 977 1277 1038 iterato:
1306 983 1370 1036 θεῖ-

318 1101 368 1138 ναι
390 1073 454 1157 (τόν
469 1075 534 1152 θὲς,
557 1079 667 1157 θῆκεν)
685 1073 853 1155 Ἀθηναίης
873 1075 921 1138 ἐπὶ
938 1072 1077 1158 γούνασιν
1091 1073 1251 1156 ἠυκόμοιο,
1279 1083 1303 1137 Ζ
1319 1088 1368 1152 92,

320 1183 390 1255 273,
415 1187 484 1241 808.
524 1183 576 1242 sod
598 1186 664 1241 tota
685 1181 770 1259 prior
790 1182 863 1241 libri
883 1183 907 1236 Z
930 1201 1000 1260 pars
1022 1203 1094 1241 num
1116 1182 1199 1244 inter
1220 1184 1370 1264 antiquio-

317 1306 366 1345 res
388 1284 541 1345 numerari
563 1284 660 1362 possit
682 1285 839 1344 admodum
855 1284 980 1344 dubium
999 1284 1075 1342 mihi
1099 1290 1154 1345 est.
1190 1286 1371 1364 interposite

319 1393 366 1448 est
381 1388 461 1448 enim
475 1387 557 1446 inter
573 1379 747 1462 Διομήδους
763 1379 910 1462 άρτστείαν
933 1393 964 1446 et
977 1379 1122 1464 Ἕκτορος
1144 1378 1270 1463 όμιλίαν,
1294 1410 1371 1469 quae

319 1491 488 1570 antiquitus
509 1489 554 1548 ita
575 1489 657 1548 inter
679 1509 710 1547 se
733 1488 909 1550 coniunctae
931 1489 1025 1548 fuisse
1048 1509 1108 1548 non
1132 1496 1267 1566 possunt,
1291 1492 1371 1570 quod

318 1593 460 1655 Hectoris
489 1593 567 1652 illud
598 1613 664 1652 oum
695 1611 790 1651 uxore
820 1592 1004 1672 colloquium
1026 1613 1122 1668 paene
1144 1593 1306 1654 ridiculum
1328 1595 1372 1666 fit,

320 1698 345 1756 si
368 1698 474 1757 eodem
495 1696 545 1755 die
566 1698 664 1756 laetus
692 1695 725 1754 in
748 1697 852 1755 urbem
874 1695 1006 1773 rodit2).
1043 1697 1146 1776 itaque
1168 1698 1248 1756 hanc
1269 1715 1371 1755 narra·

318 1800 434 1860 tionem
456 1803 561 1877 postea
576 1799 706 1878 denique
729 1799 766 1856 ud
788 1790 937 1875 ἀριστείαν
958 1803 990 1857 et
1012 1789 1129 1873 ὁμιλίαν
1152 1800 1371 1860 connectendas

318 1902 464 1963 insertam
495 1922 559 1962 esse
592 1903 698 1973 oredo,
732 1921 808 1980 quae
839 1899 960 1979 quidem
991 1899 1142 1960 sententia
1174 1907 1208 1960 eo
1236 1901 1372 1975 fulcitur,

320 2007 401 2084 quod
423 2005 521 2064 Fulda
549 2004 582 2062 in
606 2003 727 2078 egregio
750 2003 847 2076 libro,
879 2022 968 2082 quem
989 1993 1273 2079 ‘Untersuchungen
1296 2007 1372 2064 iiber

320 2107 369 2168 die
385 2109 517 2185 Sprachc
540 2109 594 2166 der
608 2106 828 2166 Homerischen
844 2105 998 2178 Gediohto,
1017 2097 1043 2164 I'
1064 2105 1230 2184 inscripsit,
1253 2128 1298 2168 vs.
1312 2111 1371 2165 285
1472 2119 1475 2126 ’

321 2212 358 2269 ad
387 2204 599 2268 ἐκλελαθέσθαι
630 2209 695 2268 sine
727 2209 790 2268 ulla
822 2229 910 2268 causa
939 2208 1074 2268 additum
1105 2229 1169 2268 esse
1197 2208 1287 2282 φίλον
1317 2209 1374 2286 κῆρ

321 2313 505 2374 observarit.
550 2332 644 2392 aeque
676 2315 847 2388 suspectum
870 2310 1051 2372 attributum
1073 2316 1119 2371 est
1141 2333 1159 2386 η
1183 2317 1223 2370 40
1247 2332 1292 2391 sq.
1323 2305 1372 2389 (οὐ

322 2409 377 2495 γάρ
400 2407 528 2492 'Adriani
555 2413 600 2473 εία
623 2407 810 2489 ἐυπλόκαμος
832 2407 915 2488 δεινὴ
939 2406 1036 2488 θεός),
1059 2435 1115 2474 nec
1136 2413 1250 2474 iniuria
1264 2414 1374 2473 Kirch·

320 2519 441 2591 hoffius,
459 2539 526 2578 cum
541 2522 735 2580 rsa.39—42
752 2517 877 2588 deleret,
899 2517 977 2575 hanc
993 2537 1111 2596 quoque
1127 2516 1231 2576 attulit
1245 2537 1374 2576 causam.

319 2621 351 2679 in
375 2621 579 2698 componendo
603 2624 703 2679 autem
725 2619 779 2678 iilo
803 2639 895 2682 vorsu
925 2624 1032 2696 poetas
1066 2619 1218 2680 obversati
1247 2623 1375 2696 possunt

318 2725 447 2784 fortasse
470 2743 535 2782 esse
557 2744 576 2797 η
601 2729 661 2780 246
687 2749 730 2773 =
753 2727 813 2782 255
836 2749 879 2773 =
901 2744 920 2797 μ
945 2727 1005 2780 449
1037 2714 1203 2806 (Καλυψώ)
1228 2720 1304 2780 ναίει
1326 2718 1373 2780 ἒυ-

320 2819 471 2901 πλόκαμος
494 2818 575 2901 δεινὴ
598 2818 671 2894 θεός
694 2817 888 2906 [αόδήεσσα])
919 2825 971 2885 vel
986 2846 1004 2882 κ
1022 2830 1079 2882 186
1095 2851 1138 2874 =
1153 2827 1168 2882 λ
1185 2830 1202 2882 8
1219 2851 1262 2874 =
1277 2847 1297 2900 μ
1314 2829 1371 2882 160

319 2927 432 3006 (Κίρκη
456 2923 644 3003 ἐυπλόκαμος
666 2920 748 3003 δεινὴ
771 2919 843 2996 θεός
866 2919 1038 3003 αὐδήεσσα),
1061 2927 1122 2986 nisi
1136 2927 1216 2986 forte
1239 2928 1373 3004 praefers

323 3032 348 3085 Z
372 3036 433 3089 380
456 3057 499 3080 =
522 3035 582 3089 885
616 3026 732 3111 (Τρῳαὶ
757 3025 939 3105 ἐυπλόκαμοι
969 3023 1071 3105 δεινήν
1093 3023 1168 3088 θεόν
1191 3023 1373 3101 ἱλάσκοντο),

320 3134 399 3212 quod
421 3132 562 3194 Minerva
583 3132 635 3192 hic
658 3152 777 3212 quoque
799 3133 970 3210 appellatur
993 3125 1074 3208 δεινὴ
1098 3124 1179 3201 θεός.
1228 3133 1256 3188 Κ
1279 3136 1295 3188 6
1320 3121 1374 3203 (τίς

162 3242 238 3303 πόσις
248 3238 301 3296 Ἥ-
320 3229 345 3292 δ’
362 3229 400 3294 ὅτ’
420 3228 458 3293 dv
473 3229 629 3318 άστράπτῃ
645 3227 732 3305 πόσις
744 3229 842 3314 Ἥρης
864 3228 1023 3310 ἠυκόμοιο)
1048 3256 1109 3294 non
1133 3236 1229 3294 solum
1245 3233 1373 3293 Junonis

164 3309 302 3379 pn‘iffl‘
320 3339 499 3398 cttributum
521 3358 569 3396 me
591 3341 741 3397 moratur:
765 3357 818 3397 cur
838 3358 898 3397 non
923 3339 1068 3398 sollemne
1085 3337 1169 3399 Iovis
1192 3336 1373 3396 attributum

209 3400 265 3448 μοιο

321 3438 497 3520 ἐρίγδουπος
519 3433 607 3509 πόσις
619 3433 716 3516 Ἥρης
737 3445 828 3518 poete
849 3439 953 3518 posuit
976 3431 1128 3522 ἀστράπτῃ
1145 3439 1235 3498 simul
1256 3442 1373 3498 mutato

320 3543 353 3601 in
377 3535 599 3626 dorpoiurpow?
631 3544 682 3605 vel
705 3563 758 3602 cur
786 3562 847 3601 non
870 3561 939 3600 eum
961 3544 1124 3601 vorborum
1152 3541 1289 3601 ordinem
1321 3539 1373 3620 qui

322 3651 368 3704 est
388 3647 420 3704 in
441 3637 559 3721 Ἑλένης
581 3638 669 3715 πόσις
691 3636 839 3720 ἠυκόμοιο
861 3642 1010 3703 retinuit?
1040 3645 1207 3702 nam-haec
1228 3646 1323 3704 rerba
1344 3643 1372 3703 ei

320 3747 353 3806 in
375 3769 467 3808 versu
487 3749 541 3808 illo
564 3747 745 3808 modulando
769 3747 941 3825 exemplum
967 3746 1061 3806 fuisse
1084 3747 1243 3804 admodum
1264 3747 1374 3824 proba-

321 3851 382 3910 bile
415 3850 517 3928 est³);
552 3849 650 3909 studio
681 3855 782 3910 autem
810 3849 913 3908 hiatus
944 3848 1061 3907 vitandi
1090 3847 1286 3925 transpositio
1318 3848 1373 3909 vix

322 3953 509 4032 explicatur,
539 3955 575 4013 cf.
602 3954 629 4009 Τ
650 3953 721 4026 878,
756 3952 864 4012 0892
888 3950 956 4010 alia.
1003 3950 1134 4030 deniqne
1169 3951 1259 4010 otiam
1291 3972 1309 4007 υ
1334 3956 1371 4008 80

176 4051 299 4108 tortitiam·
324 4048 369 4133 (ἦέ
391 4049 417 4134 μ’
444 4047 631 4131 ἐυπλόκαμος
653 4047 738 4130 βάλοι
757 4046 905 4134 ’Ἄρτεμις
929 4043 999 4132 ὄφρ’
1016 4047 1152 4130 Ὀδυσῆα
1176 4060 1246 4125 ...)
1271 4052 1372 4127 singu·

215 4142 261 4190 μθ(

392 4205 416 4272 1)
435 4204 448 4254 Ι
468 4209 509 4267 84,
528 4205 556 4256 M
575 4210 633 4266 866,
652 4204 673 4256 Ρ
693 4208 742 4255 344
755 4221 818 4266 τσο,
837 4203 862 4256 T
880 4209 938 4255 240.

392 4292 417 4357 2)
436 4308 461 4340 v.
479 4293 575 4341 Nuberi
593 4297 688 4352 quaest.
707 4293 781 4341 Hom.
800 4308 824 4352 p.
840 4293 888 4344 106
901 4305 938 4351 sq.

390 4374 416 4439 3)
433 4379 548 4436 leguntur
560 4376 585 4424 H
598 4379 647 4425 355
660 4398 694 4419 =
708 4376 730 4426 Θ
744 4379 785 4437 82,
804 4374 817 4425 I
830 4379 890 4438 339,
908 4376 930 4426 A
945 4379 1003 4438 369,
1018 4377 1075 4437 505,
1095 4373 1119 4426 N
1134 4376 1182 4425 tec
1204 4372 1245 4440 [cs.
1257 4371 1288 4426 Ψ
1301 4371 1372 4440 811)
